3009 4900
321 321 395 393 ser
605 317 848 387 'omenvrn
869 293 1108 386 nimiunn

487 486 667 567 infletaeque
684 483 785 546 lucei&
799 487 904 566 inopes
916 505 1007 566 super
1025 505 1103 548 urvo
1120 496 1296 546 catervae.

321 573 413 652 igitur
431 573 578 632 trsnsitus
597 571 859 631 Ottomsuidsrum
883 572 915 630 iu
931 573 1081 652 Europum
1091 571 1141 632 bis
1155 571 1277 631 verbi·
1305 571 1443 629 iumen

322 660 350 718 is
373 659 503 739 primum
529 657 689 736 contigisse
707 655 745 716 sb
770 657 918 716 Arsbibus
938 657 1071 717 truditur
1092 676 1178 716 suno
1208 657 1369 735 ungine
1393 662 1446 720 753.

324 745 377 824 qui
399 763 492 823 poene
514 751 597 801 totus
618 741 765 801 coincidit
785 761 854 802 curu
875 742 1212 813 concurrentem,
1238 743 1381 822 quippe
1396 763 1448 798 ru

325 829 489 908 cooperite
505 828 554 886 die
568 826 610 891 25
627 827 797 886 liecembris
811 827 882 886 suoi
899 826 1009 888 Christi
1025 826 1117 893 1856.
1161 834 1249 886 tunc
1264 829 1369 886 enirn
1383 828 1447 884 iur-

324 913 472 974 Urcbsnis
485 911 563 973 lilius
577 910 669 972 buius
679 912 844 972 Solimsues
856 917 998 972 mamis
1011 911 1154 970 trabibus
1167 915 1296 990 copias
1310 915 1354 972 iss
1369 914 1448 970 Gra.

326 1003 407 1060 etam
426 1000 564 1072 traiecit,
585 1008 614 1056 et
634 1017 716 1056 anno
740 1000 876 1078 sequenti
891 1000 968 1078 cepit
982 997 1086 1056 urbem
1101 995 1320 1076 Callipolim.
1371 997 1448 1055 vestr

326 1093 398 1145 sunt
410 1081 629 1143 continustoris
640 1081 892 1163 bbulpbsrsgisni
906 1082 1059 1143 chronici.
1089 1081 1174 1160 quod
1191 1091 1314 1142 auts-
1333 1103 1379 1142 ex
1396 1083 1448 1140 Ar.

325 1170 357 1230 in
377 1170 544 1248 Europam,
566 1186 673 1248 nempe
691 1169 971 1250 septentrionalem,
994 1167 1032 1228 ed
1054 1165 1235 1246 Callipolim
1255 1169 1404 1228 acarde
1413 1169 1448 1224 ἀι

328 1257 415 1332 citur,
436 1264 517 1314 recte
532 1252 660 1332 qusdrst
675 1253 713 1312 sd
728 1255 895 1314 naturalem
914 1254 1022 1314 eitum:
1044 1271 1113 1312 usur
1124 1270 1198 1314 vere
1214 1252 1316 1312 ntem
1331 1254 1447 1332 sempe:

491 1334 625 1396 mundus
646 1349 682 1396 ut
702 1336 749 1397 od
767 1338 925 1423 Scythiam
944 1341 1137 1420 lls‘pususque
1157 1335 1297 1398 arduus
1322 1359 1417 1398 mes

491 1425 650 1502 consurgit
671 1432 730 1485 etc.

222 1516 312 1585 P,605
328 1507 424 1588 pergit
445 1527 529 1566 secer
548 1517 633 1569 estes
651 1507 817 1586 sdinngeus
840 1507 879 1568 de
905 1507 970 1588 Gog
991 1517 1021 1568 et
1044 1507 1168 1586 llsgog,
1190 1505 1260 1567 boc
1279 1509 1445 1570 est'l'urr'u

328 1594 541 1654 Ottomsnioie:
569 1603 598 1652 et
621 1595 802 1652 omninum
822 1603 926 1652 caetra
948 1605 1133 1656 sanctorum.
1183 1593 1263 1652 voci
1286 1607 1401 1652 caetra
1418 1594 1444 1650 in

330 1679 494 1758 originibus
515 1679 637 1739 Grsecis
657 1678 821 1760 respondet
842 1675 1016 1760 παρεμβολή
1036 1681 1138 1738 locum
1153 1677 1357 1756 singularem
1374 1681 1443 1737 desi.

331 1785 435 1844 gneus.
478 1783 532 1842 ego
550 1783 605 1846 per
622 1775 727 1824 corlru
741 1773 918 1822 smsctorum
930 1776 1041 1824 terrum
1057 1771 1194 1824 sunctum
1209 1773 1245 1823 et
1262 1765 1440 1840 Hierosoly-

330 1871 408 1910 mum
422 1849 557 1928 intelligo
562 1881 571 1924 ,·
594 1859 641 1908 tot
653 1849 893 1910 Christianorum
906 1849 998 1910 secde
1011 1847 1267 1930 expeditionibus
1280 1861 1317 1909 et
1329 1851 1439 1910 bellicis

331 1935 513 1994 facinoribus
533 1936 691 2012 qusesitsm
716 1943 747 1992 et
769 1933 823 1993 diu
846 1954 1019 2015 possessam.
1062 1933 1360 1994 bsncOttomuuica
1384 1957 1435 2014 po-

331 2019 424 2078 tentis
443 2019 591 2078 circumiit
604 2015 772 2081 nentem
785 2019 870 2079 illino
882 2020 1029 2100 Aegypto,
1051 2018 1124 2078 binc
1138 2019 1213 2079 Asis
1225 2021 1350 2092 maiori,
1372 2021 1435 2078 inde

332 2102 478 2166 Phoenice
493 2106 651 2184 Cyproque
667 2105 840 2184 occupetis,
861 2115 896 2164 ut
910 2106 968 2165 ism
985 2125 1025 2166 ne
1039 2104 1115 2164 sdin'
1129 2104 1258 2185 quidem
1277 2127 1296 2164 s
1315 2107 1431 2185 privatis

333 2211 421 2250 ceusu
441 2189 609 2266 religionis,
630 2188 689 2249 uisi
707 2199 809 2268 empto
829 2189 866 2249 sb
881 2189 954 2272 ipsis
971 2190 1118 2262 transitu,
1141 2192 1251 2270 possit.
1298 2193 1430 2252 ultimum

333 2274 728 2334 Ottomsnidsrom‘srcinus
753 2275 784 2336 8.
803 2275 926 2336 lusnues
945 2273 994 2334 bis
1016 2275 1116 2334 verbis
1135 2275 1306 2356 exprimit:
1335 2289 1363 2336 et
1385 2297 1426 2334 oc·

216 2372 220 2380 '
328 2363 415 2438 pient
428 2362 583 2416 civitatem
599 2356 753 2420 dilectum.
775 2377 917 2438 queensm
931 2358 1004 2420 bsec
1017 2359 1147 2438 intelligi
1157 2362 1258 2440 possit
1273 2363 1332 2420 slis
1347 2383 1425 2442 qus·

332 2443 624 2521 Constantinopolis,
645 2463 664 2501 s
676 2442 845 2503 Muhsmete
857 2445 989 2506 secundo
1005 2465 1054 2507 su.
1068 2441 1138 2508 chr.
1154 2444 1240 2513 1458
1253 2460 1422 2527 expugusts,

330 2526 409 2587 otsb
428 2526 490 2585 eius
513 2526 734 2585 successoribus
748 2526 893 2589 hactenus
911 2552 969 2610 pro
988 2528 1105 2611 imperii
1120 2532 1303 2591 Ottomsnici
1318 2535 1419 2611 prims-

330 2608 591 2672 rissedelsabital
635 2609 780 2669 dilectum
797 2624 902 2688 vocat,
925 2615 995 2693 quia
1016 2636 1080 2676 eum
1100 2615 1244 2676 fundator
1262 2617 1419 2675 conmini-

333 2716 391 2757 nus
405 2718 465 2757 non
480 2708 514 2755 ut
529 2698 657 2775 petriam
672 2697 705 2757 in
720 2718 781 2777 que
795 2708 872 2758 esset
885 2708 976 2759 nutus
990 2701 1143 2777 amoverit,
1166 2702 1220 2761 sed
1231 2701 1348 2759 ustursli
1358 2701 1415 2761 eitn

335 2793 365 2845 et
385 2785 606 2862 praestantibus
625 2783 689 2842 eius
705 2780 782 2843 coeli
801 2786 908 2845 secoli
924 2784 1044 2844 dotibus
1060 2806 1132 2866 prse
1154 2787 1267 2847 cunctis
1287 2786 1414 2863 delegerit

335 2878 364 2928 et
384 2868 542 2941 dilexerit,
561 2869 660 2927 sedem
673 2868 706 2927 in
720 2890 755 2929 eu
773 2870 894 2930 Romani
908 2868 1056 2929 collocans
1069 2871 1190 2950 imperii
1204 2883 1235 2932 et
1249 2874 1349 2932 veteris
1363 2873 1414 2930 llo-

334 2972 400 3013 mse
418 2954 608 3031 splendorem
631 2974 699 3012 cum
719 2968 816 3013 novae
838 2956 949 3015 Romae
967 2956 1086 3015 nomine
1107 2954 1139 3015 in
1157 2976 1223 3015 eum
1245 2960 1414 3017 transferens

335 3039 377 3097 its
390 3048 516 3115 nlrsquc
530 3049 590 3097 tom
606 3040 737 3115 Sibyllse
751 3046 842 3117 quem
856 3042 886 3103 8,
902 3039 1021 3100 losnnis
1032 3040 1191 3120 prophetie
1203 3042 1346 3102 excidium
1357 3042 1414 3103 urbi

335 3124 626 3203 Conetuntinopoliu
643 3123 733 3182 domo
748 3123 937 3183 Ottomsnics
961 3126 1132 3184 denuntist:
1152 3118 1228 3185 lusec
1243 3147 1314 3189 veru
1331 3130 1359 3187 id
1372 3129 1414 3186 ills

334 3208 406 3289 plue
429 3210 520 3281 iscitr
540 3216 578 3267 ut
590 3216 710 3288 tempus
724 3208 932 3271 insolescentis
945 3210 1206 3271 Ottomenidsruus
1219 3215 1365 3292 potentiue
1376 3214 1413 3272 di-

337 3294 445 3353 stincte
466 3295 590 3373 prodet,
613 3294 804 3353 millesimum
818 3295 935 3356 scilicet
953 3314 1064 3356 sunum
1079 3316 1097 3354 a
1114 3316 1189 3379 psce
1210 3316 1264 3377 per
1280 3301 1413 3359 Constru-

336 3378 433 3438 tinum
449 3378 577 3437 ecclesiis
591 3378 671 3438 dots.

420 3464 566 3541 Deinceps
586 3462 679 3539 nihil,
701 3462 825 3543 opinor,
847 3464 1076 3543 chronologiose
1092 3486 1201 3547 operae
1215 3467 1289 3525 cirre
1312 3469 1410 3547 Perby-

336 3548 425 3609 meris
444 3547 600 3607 historism
620 3558 755 3627 superest
776 3550 877 3627 uliud,
899 3550 957 3610 nisi
971 3559 1006 3609 ut
1022 3568 1069 3610 res
1085 3550 1143 3610 buc
1157 3553 1284 3612 secunds
1297 3566 1376 3633 psrte
1387 3557 1409 3611 iu

338 3656 371 3693 en
391 3643 584 3707 memoratus,
609 3634 688 3691 sicut
705 3633 738 3691 in
762 3633 857 3713 priori
881 3636 1020 3711 fecimus,
1041 3636 1105 3695 suis
1125 3636 1210 3695 snnis
1226 3640 1409 3715 sesiguetsset

338 3739 483 3799 erpsneos
502 3719 535 3777 iu
556 3720 687 3777 tsbnlsm
706 3718 814 3778 lectori
833 3739 1051 3803 proponsmue;
1075 3720 1124 3782 cui
1141 3722 1185 3784 rei
1203 3732 1290 3803 copul
1302 3742 1409 3804 sequeus

338 3805 439 3885 operit
455 3805 593 3865 ultimum
605 3802 814 3885 impendimus.
