3009 4900
297 324 375 405 658
597 325 833 399 OBSERVAT.
853 323 1087 399 recrffttsstt

300 517 335 580 p.
347 493 411 564 6⁴2
422 515 454 562 v.
460 499 511 563 10.
532 499 597 570 τοῖς
612 490 839 578 μὶνναυᾶρχοις
848 489 885 556 ad
896 497 960 558 aede·
973 487 1141 575 ἄναβολοῖν,
1153 490 1196 567 oie
1210 473 1308 574 εἶχὸν,
1322 489 1419 574 πρός

197 588 287 646 Ηδο
300 579 445 676 duneline
466 574 694 673 petorapdaepoa
713 581 936 662 μετημφίαστο,
957 579 999 638 aic
1017 579 1175 659 exprimit:
1197 579 1228 641 ol
1247 575 1416 660 uoudpzoa

302 673 476 730 stvvooteea
494 671 639 747 tepuerat
658 663 740 746 nupti
760 669 817 729 roei
837 662 981 748 βασιλέως
1004 658 1146 746 ἆλλαγαῖς
1169 663 1299 743 tentae
1321 668 1413 743 λαμ-

300 755 397 834 πρῶν.
437 751 480 810 ita
500 751 571 826 ille;
599 752 631 810 in
647 752 756 831 quibua
779 771 840 812 non
862 759 971 810 temere
991 751 1127 829 anepieor
1148 767 1251 807 vocem
1273 748 1414 826 quiden

300 838 399 918 ipaum
419 829 559 921 oinoyoio
579 856 617 896 ex
638 836 719 896 laiace
739 853 816 916 quae
829 835 919 894 modo
938 843 1099 894 tructamue
1115 832 1305 912 Pachymerie
1321 835 1414 892 londa

302 922 469 1003 accepim,
492 921 567 1000 quid
585 931 683 980 autem
704 942 739 981 ea
758 941 812 981 auo
825 919 939 980 iudicio
952 919 1081 994 valeret,
1104 919 1308 978 demonatrare
1323 927 1414 977 atu-

300 1008 403 1068 dnieae
422 1005 615 1066 adiunctione
640 1006 678 1066 ad
698 1007 781 1066 illam
802 1005 952 1084 exegetica
978 1003 1105 1084 ἱματίων
1125 1005 1279 1083 lopnpoiv.
1332 1023 1412 1062 raon

300 1093 459 1152 omittatur
472 1091 510 1151 ad
525 1100 701 1165 extremum,
721 1090 794 1150 binc
809 1091 933 1150 lortaeae
949 1088 1174 1167 originationem
1191 1088 1261 1159 duci
1275 1087 1412 1165 plausi-

299 1177 438 1237 biliurem
453 1197 542 1256 poeee
563 1176 705 1236 vocabuli
721 1170 862 1258 dlloiyaov
883 1195 916 1234 ea
931 1193 1019 1252 quam
1037 1173 1132 1254 priori
1154 1181 1255 1232 noatro
1268 1171 1411 1231 Gloeaa-

299 1263 347 1323 rio
363 1261 571 1322 beeaitabundi
591 1263 837 1343 proponebamne.
877 1260 951 1338 quid
972 1260 998 1317 ei
1016 1258 1092 1321 enim
1111 1252 1236 1339 oilleiyau
1251 1267 1411 1338 putemne

300 1346 379 1406 dicte
395 1346 487 1406 luieee
502 1347 628 1424 collegia
644 1367 696 1406 eeu
714 1365 843 1426 corpora
864 1343 992 1404 militum
1011 1337 1125 1429 ἀλλαγῇ
1140 1343 1245 1416 aiendi,
1267 1342 1330 1402 boc
1351 1353 1409 1402 eet

298 1440 392 1500 reete,
412 1430 581 1490 utentium?
603 1451 677 1510 quae
694 1431 864 1491 communio
883 1429 970 1490 facile
988 1428 1152 1488 coalescere
1165 1429 1244 1487 inter
1259 1427 1409 1487 einedem

299 1515 428 1576 nationis
442 1526 570 1577 armatoe
584 1517 693 1596 potuit.
735 1527 818 1576 certe
832 1515 864 1576 id
882 1513 1054 1574 convenicae
1074 1514 1196 1593 proprio
1216 1513 1407 1592 praeeertirn

298 1600 487 1681 imperatoria
511 1595 641 1686 uillayip
663 1601 839 1663 nominatim
863 1599 900 1658 ab
919 1599 1092 1678 Acropolita
1115 1607 1292 1672 memorato,
1328 1598 1406 1657 aive

297 1683 396 1762 τάξει,
417 1705 506 1764 quam
520 1686 598 1747 idern
613 1707 717 1746 vocem
730 1707 785 1767 pro
804 1684 887 1744 illiue
900 1683 1020 1744 alteriue
1032 1703 1200 1762 eynonyme
1214 1681 1317 1762 ponit,
1338 1701 1404 1740 ve-

297 1771 477 1832 rieimillirne
488 1770 668 1851 cogitabitnr
680 1791 718 1832 ex
732 1781 790 1832 ueu
805 1787 920 1850 quoque
935 1768 1078 1828 hodierno
1094 1767 1294 1845 dintinguendi
1309 1775 1403 1826 certo
1500 1789 1501 1822 l

298 1875 406 1934 genere
425 1857 550 1930 colonie,
570 1857 695 1935 inaignie
713 1857 831 1916 babitus
852 1863 902 1914 aut
922 1853 1080 1934 peculiaria
1103 1852 1267 1931 chlamydie
1291 1861 1401 1911 oenoe
1500 1897 1501 1912 ι

298 1942 418 2001 ordinae
432 1941 576 2017 militum,
599 1941 729 2024 principi
745 1941 866 2001 nomine
878 1941 946 2019 ipao
963 1957 998 1996 ac
1014 1937 1157 2016 singulari
1171 1937 1288 1996 delectu
1300 1937 1402 1996 addi·
1500 1981 1501 1988 1

299 2036 431 2086 ctornan.
472 2019 542 2106 poet
561 2023 636 2085 haec
657 2027 753 2086 omnia
773 2026 884 2106 ecripta
900 2023 1096 2082 animadverti
1111 2023 1210 2082 locum
1224 2021 1312 2081 alium
1326 2020 1400 2080 buc
1500 2017 1501 2038 ¹

296 2111 496 2193 pertinentem
510 2111 608 2171 noatri
619 2114 759 2188 auctorie,
780 2131 869 2192 quem
882 2109 952 2169 vide
964 2131 994 2190 p.
1012 2111 1049 2172 81
1067 2127 1098 2168 v,
1112 2111 1142 2174 9.

382 2193 645 2275 ἄλληλένδετα
660 2218 690 2279 p.
700 2202 742 2262 93
755 2216 785 2260 v,
801 2199 849 2262 18.
889 2193 931 2253 ita
944 2193 1056 2274 optime
1067 2191 1200 2251 omnium
1212 2187 1398 2252 Rarbcrinua

298 2279 413 2354 codex,
434 2299 503 2338 curn
522 2281 690 2341 Allatienua
710 2275 934 2363 dtlepdeadeaeei
955 2278 1081 2354 scribat,
1111 2275 1273 2335 Vaticanue
1294 2285 1396 2336 annm

295 2356 515 2440 ἆλληλενῦοτά,
543 2365 597 2424 ille
618 2365 773 2442 vitioalua,
798 2365 850 2426 bio
869 2362 1068 2444 propinquiue
1094 2381 1173 2421 vero.
1215 2367 1324 2419 notum
1348 2368 1399 2419 eet

296 2439 387 2509 deado
405 2445 542 2506 vinctum
554 2458 585 2507 et
597 2468 709 2509 nexum
724 2470 841 2524 eonare,
863 2470 879 2507 a
895 2447 953 2511 dieo
965 2450 1038 2529 ligo.
1079 2457 1124 2506 eat
1136 2464 1203 2523 ergo
1218 2438 1398 2523 ἄλληλὲνὸε-

295 2550 351 2593 τον
372 2532 502 2589 invicem
517 2551 641 2609 meum,
660 2535 752 2593 nteit
769 2527 953 2612 teotdaepov
969 2538 1012 2619 cpi
1029 2526 1228 2611 dllnlo'nloeu
1246 2548 1319 2587 mox
1333 2550 1398 2608 po-

295 2616 367 2691 eito,
387 2616 541 2697 aptiaaime
557 2618 681 2679 notione
692 2618 803 2679 adloei
817 2619 1002 2695 cententiam,
1024 2627 1059 2677 ut
1071 2619 1161 2678 lector
1178 2613 1316 2672 oculatua
1328 2623 1395 2673 eta.
1500 2606 1501 2669 j

295 2700 351 2760 tim
369 2710 479 2761 cernet.

380 2780 651 2869 cipuytipeuaoa
669 2808 700 2869 p·
717 2793 760 2857 88
775 2806 806 2851 v·
821 2786 851 2852 4.
893 2786 946 2867 qui
958 2782 1293 2847 vocarentur‘bocloco
1311 2774 1397 2864 dpu-

294 2871 441 2955 yelpanroe
458 2892 527 2931 cum
544 2873 624 2933 soret
637 2874 772 2934 divinare
793 2874 991 2935 ueoeeaarium
1009 2872 1041 2931 in
1061 2870 1178 2931 eilentio
1197 2870 1396 2949 eoriptorum,

295 2974 360 3015 non
375 2956 510 3016 occurrit
523 2958 603 3036 quod
615 2960 809 3019 verieimiliue
822 2960 949 3020 dicerem
963 2978 1050 3037 quam
1067 2956 1148 3035 quod
1161 2955 1194 3013 in
1207 2955 1394 3035 interpreta-

294 3042 378 3098 tione
390 3041 494 3119 poaui‚
516 3044 560 3101 aie
579 3062 686 3126 nempe
702 3054 827 3105 vocator
843 3062 893 3103 eoe
908 3044 960 3123 qni
975 3042 1179 3122 postquamin
1194 3040 1294 3119 eliqua
1310 3049 1395 3119 parte

294 3125 453 3185 miniaterii
465 3135 518 3185 aut
536 3130 740 3207 praefecturae
753 3130 900 3208 coquinae
912 3128 1061 3189 Palatinae
1075 3127 1248 3185 diuturnam
1263 3126 1394 3205 probae-

294 3219 363 3269 aent
384 3217 521 3290 operam,
541 3212 613 3273 iude
633 3214 749 3274 emeriti
769 3213 1022 3293 promovebantur
1035 3212 1066 3269 in
1086 3210 1265 3289 epecioeiora
1280 3209 1393 3287 officia,

294 3302 331 3353 nt
348 3292 401 3352 hic
412 3296 553 3356 Nicolaue
567 3297 607 3357 ed
626 3299 848 3378 epiecopatum,
875 3316 1051 3377 quamquam
1063 3315 1101 3354 ne
1119 3289 1237 3374 ἆμέσως
1252 3314 1359 3353 manua
1377 3314 1394 3353 e

295 3376 394 3437 carlina
409 3379 546 3440 sordidae
568 3382 605 3454 ad
623 3404 689 3443 erae
709 3386 815 3458 ferret,
838 3383 1019 3464 proleeaione
1034 3380 1118 3460 priua
1136 3379 1299 3438 monastica
1314 3398 1395 3459 pur-

294 3471 382 3540 getne
394 3463 493 3523 videri
509 3466 621 3545 potnit,
642 3488 752 3528 nomen
766 3488 850 3527 exea
868 3476 1030 3547 eumptunr,
1052 3463 1212 3543 Neophyti,
1233 3464 1393 3524 cathedrae

292 3548 433 3608 Pruaeuei
451 3548 604 3611 honeetiua
624 3552 764 3613 inlerene.
815 3554 869 3613 etei
895 3560 989 3612 aulem
1020 3552 1053 3609 in
1082 3550 1204 3611 Graecia
1226 3548 1392 3627 originibua

294 3631 413 3692 malinae
432 3632 483 3692 hic
499 3635 648 3697 Palatinae
660 3638 745 3697 nulla
758 3638 901 3697 indicatio
916 3648 976 3713 eat,
997 3654 1044 3695 ree
1057 3644 1156 3695 tamen
1171 3636 1237 3714 ipae
1250 3634 1393 3715 prudenti

294 3718 499 3779 coniecturam
514 3723 654 3801 suggerit,
673 3724 764 3783 telem
776 3724 903 3801 intelligi
918 3730 1064 3802 oportere,
1085 3720 1144 3779 hnc
1157 3720 1224 3800 ipeo
1239 3721 1320 3798 quod
1337 3738 1393 3778 cu-

295 3801 359 3860 lina
373 3810 566 3869 memoratur.
608 3809 721 3867 namid
735 3828 831 3888 perae
846 3818 907 3867 tam
922 3808 982 3865 vila
994 3805 1190 3864 miniaterium
1206 3805 1291 3863 niele
1308 3804 1392 3884 prin-

294 3885 386 3966 cipali
405 3889 495 3949 domo
512 3891 680 3971 splendorie
698 3894 812 3971 aliquid
830 3892 971 3973 accipiat,
994 3890 1154 3950 obaoletiue
1176 3889 1393 3967 obscuriusque

294 3990 351 4047 per
370 3992 403 4032 ee
420 3975 463 4033 eit
479 3996 568 4054 quem
580 3979 662 4038 utin
675 3978 925 4058 ecriptopublico
939 3987 1019 4037 reete
1037 3984 1211 4037 ostentetur.
1253 3984 1392 4054 praeter-

294 4072 383 4132 quam
395 4057 528 4119 favorem
539 4062 721 4144 principum,
742 4063 806 4123 eine
818 4082 875 4141 quo
889 4064 946 4123 iate
959 4058 1136 4140 -Neophytua
1152 4080 1212 4119 non
1231 4078 1392 4138 promove·

291 4148 379 4199 retur
402 4142 435 4201 in
455 4146 660 4228 epiecopatum
679 4144 762 4207 urbia
779 4147 920 4226 illuatria,
942 4166 1070 4228 pronum
1090 4145 1247 4205 aeetimatu
1264 4153 1308 4205 eat
1328 4162 1391 4202 non

290 4218 350 4317 'ii‘
363 4228 457 4319 gfatia
467 4228 540 4291 huic
554 4232 803 4311 aepireeaequarn
819 4250 857 4291 ex
873 4232 1128 4293 commendatione
1140 4231 1241 4291 intimi
1254 4230 1392 4289 miniate-
1500 4294 1501 4297 Ἴ

290 4320 331 4361 mr
352 4306 424 4369 olem
440 4315 631 4392 regnantibna
645 4310 785 4399 imponat.
826 4318 965 4398 congruit
977 4326 1075 4380 autem
1090 4315 1242 4397 analogia,
1264 4324 1300 4377 ut
1313 4314 1390 4374 ruie-
1500 4334 1501 4339 ¹
