3009 4900
245 326 322 402 346
559 326 736 397 GEORGlI
760 326 1029 397 Pacfflnfflms

244 500 386 586 βεβαίαις
399 507 468 576 ταῖς
484 497 600 565 ἐλπίσιν
615 496 729 583 ώρμει,
758 496 817 586 εἰγε
833 498 914 567 κατὰ
928 496 1102 586 συγγένειαν
1117 498 1347 584 συνεγγίζοντες,

246 602 343 671 ταότδ
368 604 402 668 δέ
422 607 516 670 codro
537 604 588 669 καί
608 612 674 679 τοῖς
694 597 817 684 τόποις,
846 598 864 671 ό
887 603 945 687 μέν
964 609 1090 685 βασιλεῖ
1099 599 1255 676 δουλεόων
1270 629 1351 690 προ·

247 718 347 774 νοοῖτο
365 702 542 787 Ῥωμαίων,
570 702 587 771 ό
611 706 647 771 δέ
663 705 698 773 τδ
723 709 819 791 κῆδος
838 707 890 775 καί
907 705 964 782 ode
978 707 1150 784 συνθεσίας
1167 701 1351 789 αἰδοόμενος

246 805 451 877 εἰνακόπτοιτο
471 807 527 884 ede
551 805 661 893 όρμός.
712 809 743 878 ol
766 808 817 890 δέ,
843 806 932 892 δμέν
945 812 988 887 εἰς
1006 805 1129 895 εἰρήνην
1151 805 1265 895 ένόγων
1280 807 1297 879 d
1314 812 1350 877 δέ

206 930 229 985 Β
247 908 466 1000 σπενδόμενος,
504 910 588 996 ὅμως
609 911 645 979 τδ
669 917 733 979 τών
750 909 942 998 προσχώρων
966 913 1125 1000 συμφέρον
1148 912 1206 979 οὐκ
1225 912 1374 998 imeae

245 1023 368 1107 μᾶλλον
382 1018 440 1099 μέν
462 1008 517 1081 οὖν
544 1015 598 1082 διδ
621 1020 722 1085 ταῦτα
744 1017 848 1081 αἰτίαν
871 1019 922 1083 καί
939 1013 1113 1104 ἀμφότεροι
1127 1016 1349 1101 ἀπηνέγκαντο,

245 1118 262 1188 d
283 1120 341 1203 μέν
362 1115 646 1205 παρασπονδήσεως
666 1125 723 1203 τῆς
744 1119 823 1204 πρὸς
845 1120 993 1201 βασιλέα,
1024 1117 1095 1187 όδέ
1122 1122 1269 1197 δυσνοίας
1293 1128 1350 1202 τῆς

244 1220 511 1311 πρδςῬωμαίους.
550 1220 738 1307 περιέρχεται
754 1222 814 1308 γδρ
829 1220 964 1291 ἄλλοθεν
974 1223 1013 1291 τό
1028 1218 1139 1291 κακόν·
1165 1223 1201 1293 τό
1215 1221 1247 1289 δ’
1264 1216 1301 1305 ἦν
1314 1222 1349 1291 τό

245 1329 280 1393 le
303 1332 359 1393 τοῦ
381 1322 536 1411 Ἀμοόρη,
570 1324 666 1393 ἄλλον
689 1330 824 1413 Περσῶν
845 1332 1042 1412 στρατηγοῦ,
1069 1325 1169 1405 ὃςκαί
1186 1326 1350 1395 καταθέων

245 1430 445 1504 Μεσοθινίσς
466 1424 610 1511 συχνάκις
630 1427 689 1515 τὴν
711 1425 941 1513 Σολυμόμπαξι
950 1426 1043 1515 χόριν
1053 1427 1096 1509 ώς
1111 1430 1202 1497 οὐδέν
1215 1430 1348 1500 δνοόσιιν
1360 1441 1393 1493 lt)

206 1528 440 1616 ουίπήμβλυνε.
493 1532 529 1599 od
551 1532 610 1619 γὰρ
630 1532 710 1599 κατὰ
732 1529 897 1610 συστάσεις
920 1536 971 1602 καί
985 1535 1080 1611 ἰδίως·
1092 1532 1172 1599 καθ’
1189 1533 1242 1602 ἕνα
1252 1530 1351 1619 μάχε-

246 1643 327 1705 σθαι
341 1636 374 1703 ἰκ
396 1640 453 1703 rod
475 1634 519 1719 μὴ
537 1635 590 1701 ένα
612 1632 689 1703 εἰναι
707 1635 763 1703 τόν
777 1634 958 1722 κυριεύοντα
973 1631 1012 1723 ἦν
1030 1632 1161 1713 πάντας.
1211 1635 1294 1721 παρ’
1311 1635 1350 1717 ἢν

244 1742 346 1805 αἰτίαν
360 1740 411 1806 καί
424 1730 576 1824 δυσχερὴς
596 1745 642 1829 τῷ
663 1744 789 1819 βασιλεῖ
806 1742 857 1807 καί
872 1740 983 1824 σχεδόν
1002 1738 1155 1815 ἀδύνατος
1170 1734 1191 1822 ἦ
1204 1745 1267 1814 τών
1282 1738 1350 1803 έπε-

243 1839 478 1927 συμβαινόντων
495 1839 664 1928 διόρθωσις
679 1846 849 1927 ἐνομίζετο,
875 1850 933 1914 τοῦ
952 1845 1009 1928 μέν
1030 1844 1121 1911 ένθεν
1140 1848 1198 1909 τοῦ
1214 1842 1247 1907 δ’
1271 1842 1349 1907 luei-

247 1952 306 2013 θεν
321 1942 489 2033 ὁρμώντων
495 1993 505 2026 ,
534 1948 586 2013 καί
606 1946 686 2013 κατὰ
705 1944 831 2032 γνώμας
848 1945 1075 2035 διαφερόντων,
1102 1948 1153 2011 καὶ
1167 1945 1243 2011 todo
1257 1941 1391 2029 ἀγόν-15

245 2076 309 2118 των
333 2046 465 2117 tatere
487 2050 535 2115 ἰπὶ
558 2057 709 2117 τοσοῦτον
733 2048 883 2137 ἀγόμενον
907 2051 961 2137 ἐφ’
977 2048 1051 2117 door
1066 2052 1117 2116 καὶ
1130 2047 1167 2117 τό
1183 2050 1349 2138 κερδαίνειν
1423 2068 1426 2074 ·

246 2154 352 2241 σφίσιν
367 2154 400 2221 la
414 2158 471 2220 rori
487 2158 629 2237 πολιραῖν
641 2152 760 2237 έσοιτο,
786 2157 815 2221 εἰ
827 2157 863 2221 δέ
874 2153 921 2239 μὴ
934 2154 1055 2222 θέλοιεν
1071 2159 1214 2239 πολεμεῖν
1231 2153 1260 2219 οἰ
1273 2176 1352 2238 προ-

243 2315 422 2388 providentiae
445 2318 599 2388 perexiguae
623 2322 669 2374 aut
692 2318 775 2373 nullue
798 2317 826 2371 in
850 2318 1031 2390 rempublicam
1056 2317 1146 2371 extitit
1161 2318 1270 2369 fructae.
1304 2310 1351 2367 elei

245 2386 310 2438 enirn
323 2386 525 2456 Solymaruperie
541 2387 701 2441 matrimonio
718 2388 768 2441 eibi
785 2388 906 2459 privatim
923 2388 980 2441 utili
996 2389 1106 2441 libenter
1122 2386 1184 2439 inito
1201 2385 1270 2439 band
1286 2383 1352 2436 iuri-

243 2456 323 2509 debat
339 2454 401 2524 quin
417 2455 445 2508 ln
462 2457 589 2510 Romanoa
609 2475 711 2528 quoque
734 2475 796 2527 pere
819 2457 1005 2513 commoditatis
1021 2456 1108 2526 alique
1125 2473 1158 2507 ex
1175 2473 1206 2508 eo
1223 2454 1352 2507 redunda-

243 2529 293 2586 ret.
312 2523 388 2581 immo
403 2525 479 2578 etiam
491 2526 559 2580 inter
575 2527 666 2580 icende
677 2534 757 2596 pacta
773 2527 899 2600 nuptialia
914 2543 964 2580 non
980 2525 1081 2580 dubiem
1098 2541 1171 2594 rpem
1186 2526 1288 2576 secent
1304 2539 1351 2574 vo·

242 2592 320 2657 leudi,
337 2611 420 2650 novae
437 2595 631 2649 necessitudinis
647 2597 798 2660 occasione,
817 2597 951 2650 coniuncte
967 2595 1089 2666 deincepa
1106 2610 1157 2646 non
1174 2592 1254 2645 eolunr
1269 2591 1352 2644 aoiuro

243 2661 289 2716 aed
309 2661 384 2716 etiam
406 2662 454 2716 loci
479 2664 672 2735 propinquitate
696 2683 751 2720 curu
771 2665 924 2736 Coximpaxl
939 2664 1044 2728 rivere,
1068 2680 1100 2715 ac
1122 2661 1221 2732 pariter
1246 2676 1302 2712 curu
1319 2675 1351 2711 eo

243 2737 616 2858 tiletttllttttlltt
627 2734 1352 2860 *lllltltzttl’tlttt‘ltt⁰.tttniff

242 2822 588 2998 territandi.
609 2823 1353 3008 ³ntinatantianatantia:

244 2958 565 3078 maniae’imrdinentinm,
583 2960 623 3052 Re
634 3013 685 3066 etei
710 3013 793 3078 baec,
814 2960 935 3081 ἰιιηιιεόί,
957 3009 1161 3079 Solymanpaxie
1176 3014 1205 3060 et
1220 3025 1253 3060 ex
1270 3006 1353 3060 animo

263 3077 393 3130 romieieee
415 3085 442 3132 et
465 3081 532 3133 bona
556 3079 607 3136 fide
631 3091 768 3154 praestare
783 3079 895 3135 voluieee
912 3079 981 3134 viena
998 3090 1056 3146 eat,
1077 3087 1162 3130 tamen
1179 3077 1202 3130 ie
1219 3089 1353 3128 eucceseue

243 3094 310 3209 luit,
328 3151 358 3199 ut
374 3147 442 3218 apud
460 3149 523 3202 nihil
538 3151 598 3204 inde
612 3151 748 3209 levamenti
765 3151 907 3205 eentleutee
925 3152 1052 3206 Romanoa
1067 3147 1173 3201 inlamie
1189 3153 1298 3215 uterque
1314 3143 1354 3196 le·

243 3216 363 3280 boraret,
381 3233 454 3270 nocer
471 3217 574 3288 quidem
591 3221 753 3290 loedilregae
770 3219 896 3289 perfidiae
912 3237 975 3288 erga
992 3220 1187 3288 imperatorem,
1211 3230 1290 3284 gener
1302 3229 1354 3294 ,³¹¹5

244 3291 295 3338 tero
319 3284 378 3338 rnell
400 3291 478 3357 etque
494 3287 583 3343 inleati
603 3289 682 3344 nihilo
708 3305 778 3344 nunc
793 3287 876 3342 minue
893 3306 970 3358 quero
987 3296 1065 3343 antea
1080 3287 1107 3340 in
1125 3287 1249 3339 Romanoa
1267 3298 1353 3334 ειιιιιιι.

243 3353 346 3410 aliunde
363 3373 440 3425 porro
458 3358 549 3410 malurn
567 3357 708 3424 oriebatur,
726 3375 760 3412 ex
776 3357 859 3412 altero
876 3357 998 3411 videlicet
1015 3357 1080 3410 duce
1096 3357 1231 3408 Perearnrn
1247 3355 1354 3412 Arnura,

244 3423 290 3494 qui
308 3424 406 3477 crebrie
423 3430 484 3477 tuno
500 3427 687 3482 incursionibue
703 3425 886 3482 Meeotbiniem
902 3434 1008 3479 vaenue
1023 3425 1134 3494 gratiam
1152 3417 1355 3489 eolyuenpaxie

243 3497 273 3546 ut
298 3492 332 3546 ad
357 3492 420 3548 nibil
443 3495 531 3548 utilem
556 3495 583 3549 in
600 3496 691 3551 animle
707 3497 880 3550 Romanorum
898 3495 1047 3548 hebetabat.
1082 3512 1114 3547 ea
1130 3491 1226 3561 quippe
1243 3487 1354 3542 conditio

244 3571 312 3646 ‘¹¹¹¹‘ss
323 3580 408 3618 rerum
425 3570 499 3646 eret,
522 3563 677 3648 utquisque
696 3566 910 3650 ducum-ietorum
927 3565 1094 3645 barbarorprn
1111 3560 1222 3644 propriis
1237 3555 1356 3638 ioetrqqti

243 3626 1356 3772 tlteltellrttfflllltttttl‚b‘tltlnrtqtlttdtllutlslff

243 3769 307 3822 libet
329 3771 443 3852 iptorum
469 3773 600 3826 obtineret
624 3774 752 3844 ponderis.
787 3791 862 3844 qnam
886 3774 919 3826 ob
941 3788 1044 3825 caueam
1065 3768 1177 3822 dillicilie
1194 3785 1226 3820 ac
1242 3767 1298 3819 lere
1315 3763 1356 3815 in-

243 3840 383 3906 eperabrlia
400 3840 549 3912 imperatori
566 3843 718 3898 censebatur
738 3846 860 3900 malorum
877 3852 940 3896 tnnc
955 3839 1090 3911 imperiola
1106 3836 1291 3898 inundantium.
1308 3849 1355 3902 per

244 3905 319 3960 letam
337 3911 512 3966 conventionis
530 3929 587 3966 cum
604 3912 691 3981 aliquo
709 3929 743 3964 ex
760 3911 872 3983 εείιορὶι
889 3913 972 3976 viem,
989 3909 1104 3972 contio,
1127 3907 1217 3977 ntique
1234 3921 1290 3958 cunr
1307 3919 1355 3954 nec

245 3977 423 4044 comprehendi
439 3997 526 4036 omnen
541 3997 594 4034 une
608 3981 832 4034 confoederatione
848 3987 969 4051 pouent,
995 3986 1023 4032 et
1040 3995 1091 4030 uno
1107 3993 1193 4030 eorum
1211 3982 1257 4029 ent
1274 3972 1356 4026 altero

246 4052 363 4125 cernente
380 4046 424 4102 elii
447 4049 490 4104 vel
514 4050 592 4106 atiena
615 4049 734 4104 boentius
757 4050 913 4121 uberiusque
937 4048 1138 4119 praedarentur,
1162 4062 1213 4100 uno
1235 4041 1355 4096 videlicet

242 4111 319 4178 bino,
345 4115 395 4170 elio
412 4115 472 4172 iude
489 4121 589 4176 aemule
606 4118 767 4174 incessanter
782 4121 928 4190 rapacitate
950 4118 1122 4184 inhientibna,
1143 4112 1250 4169 coneilio
1273 4126 1356 4180 neque

246 4179 358 4236 discordi
376 4189 403 4238 et
437 4194 511 4244 erata
527 4205 629 4259 temper
645 4188 777 4241 voluntate
794 4187 923 4246 contraria
938 4185 972 4241 iio
989 4205 1057 4259 quae
1073 4185 1153 4240 ducet
1170 4183 1215 4237 alii
1232 4181 1357 4234 decerne·

246 4255 400 4322 rentaeque
434 4255 452 4309 i.
485 4258 591 4314 militum
615 4263 717 4322 enum,
744 4255 789 4325 qni
813 4259 860 4310 eub
882 4257 989 4309 ietoruue
1005 4257 1141 4310 merebant
1156 4251 1256 4336 signia,
1299 4251 1358 4330 uste

248 4335 295 4372 uan
312 4318 416 4378 licentia
432 4333 574 4386 carnorum
592 4327 779 4392 uuunderuu,
795 4323 961 4398 cupidissimo
977 4325 1131 4397 praedarum
1148 4321 1259 4378 eruditae
1303 4335 1358 4372 cre-
