3009 4900
400 309 479 381 nn.
498 309 556 382 ΠΙ.
590 311 959 385 morcinctum.
1156 315 1232 390 829

28 472 41 508 ¹
83 481 246 560 jbrstem
262 480 466 538 enervationis
477 481 599 559 imperii
616 479 708 540 inisse
718 479 825 542 scribit
840 481 1066 561 parsimoniam
1072 481 1161 562 piene
1172 483 1232 542 sol.

27 559 42 596 ²
96 563 306 624 veredorum
325 585 360 622 es
372 564 441 644 fide
454 570 652 645 pernionum,
674 587 755 645 quae
766 565 987 644 praesidiariis
1000 569 1166 627 oreiamn
1187 570 1230 627 Ιί-

28 660 41 685 ¹
100 654 197 709 mite
218 653 358 709 sitarum
374 649 450 708 olim
466 661 602 709 normae
611 652 747 730 jieerent
765 655 799 710 in
819 650 981 710 mercedem
995 671 1102 732 operae
1115 655 1232 712 milites.

28 736 37 770 '
102 739 181 807 ris,
207 734 291 794 adeo
306 736 375 794 illic
387 733 434 792 od
443 755 630 794 communem
643 737 773 795 tutelam
784 740 979 798 neocesariae.
1020 736 1079 796 hae
1098 739 1233 816 maligne

27 821 36 858 ¹
105 840 213 880 nunc
236 819 529 900 suppeditabantur,
552 824 691 880 avaritia
707 823 932 900 praefectorum
954 825 1127 901 erogationi
1139 845 1233 903 pecu-

27 909 37 948 ¹
106 909 198 966 niae
205 907 367 984 publicae,
389 925 521 986 quorum
532 906 743 986 opponebatur
755 908 853 966 lucrie
865 905 953 988 quod
958 929 1016 988 per
1028 912 1232 987 cantassrs-

27 992 33 1034 ¹
108 995 321 1052 strationem
339 1003 422 1050 artes
441 990 645 1074 diffundenda
660 993 868 1070 praetextione
888 995 990 1072 vafris
1004 993 1233 1052 schinando

28 1085 32 1117 ='
111 1079 252 1136 miseris
273 1077 427 1135 militibus
444 1076 696 1150 subtrahebatur,
713 1081 849 1158 pretium
868 1075 992 1138 sssdoris
1012 1087 1041 1136 ei
1060 1081 1231 1158 mngubris.

112 1162 166 1222 ite
192 1163 251 1221 ilie
270 1161 331 1238 ibi3
353 1162 450 1241 quiet
462 1163 564 1222 multis
576 1163 703 1222 inferius
718 1163 794 1223 locis
807 1163 957 1243 significet
974 1183 1036 1223 nou
1054 1165 1111 1222 iens
1133 1167 1232 1224 solum

115 1267 181 1329 per
203 1245 356 1306 iiscslinrn
375 1248 575 1307 celumnioess
597 1246 734 1324 frendes,
756 1249 807 1308 sed
829 1247 927 1308 edicto
946 1248 1012 1328 ipso
1028 1267 1065 1308 se
1079 1249 1164 1308 iussn
1182 1249 1233 1308 die·

118 1340 211 1392 serto
235 1332 404 1392 Andronici
438 1332 560 1410 Augusti
587 1335 746 1413 pensiones
765 1343 795 1394 et
814 1343 1040 1394 suctorsnrents
1062 1333 1231 1394 istiusmodi

119 1418 225 1477 fuisse
237 1417 414 1483 interverse.
454 1417 536 1478 unde
549 1419 714 1478 recesseris»
727 1418 858 1498 contigit
868 1419 983 1480 sreiuru
998 1418 1162 1478 custodiens
1176 1439 1232 1480 ne-

121 1503 222 1582 gligi,
244 1522 281 1561 ec
302 1503 444 1582 querelem
465 1505 597 1583 ipserum
612 1505 646 1562 in
659 1503 791 1564 militum
809 1523 847 1564 ex
863 1513 949 1585 perte
962 1503 1093 1564 Psrsidis
1112 1514 1232 1564 contre-

122 1588 190 1649 ries
205 1589 342 1648 Benene
356 1587 445 1647 limiti
458 1590 598 1649 stonense
611 1589 809 1649 obtinentium
826 1589 929 1651 venire
948 1597 1134 1668 poteststern.
1177 1609 1232 1648 su·

124 1673 241 1733 stinnit
263 1673 391 1753 quodem
411 1682 546 1754 tempore
568 1674 666 1734 lebern
680 1674 764 1734 illssn
779 1695 814 1733 ec
826 1675 943 1734 ruinern
958 1675 1032 1735 ielix
1047 1675 1145 1734 etexit
1159 1674 1232 1734 rhi-

125 1757 326 1838 lsntbropeni
341 1758 477 1840 perillus
491 1768 607 1818 trectus
620 1759 736 1833 militie,
749 1759 872 1819 circiter
886 1779 996 1818 sennen
1011 1757 1124 1820 Christi
1138 1759 1231 1834 1296,

129 1843 305 1905 Andronici
319 1849 374 1920 18,
396 1863 432 1903 eo
453 1843 538 1904 missi
558 1865 627 1904 curn
643 1844 746 1905 selide
768 1845 920 1920 exercitu,
941 1853 1034 1924 prout
1047 1843 1113 1904 luse
1130 1851 1234 1906 nerrst

129 1927 332 2010 Pecbymsres
346 1930 367 1990 1.
380 1930 470 1994 brol.
483 1929 511 1989 ll
526 1935 592 1996 e.9.
613 1930 666 1990 scd
679 1931 874 2012 postqusmis
888 1929 1060 1991 rebellante
1076 1928 1232 1989 Libedsrio

130 2024 179 2074 est
196 2033 378 2096 oppressus,
398 2023 430 2076 st
448 2013 569 2091 Pessse,
589 2016 642 2094 qul
655 2015 712 2075 sub
728 2035 764 2075 eo
778 2015 999 2086 militsversnt,
1020 2016 1098 2074 nesle
1117 2013 1235 2074 molteti

131 2103 251 2161 reversi
269 2099 411 2176 doenum,
441 2110 472 2159 et
491 2117 578 2159 censs
603 2100 696 2159 cledis
716 2101 906 2160 ulciscendas
929 2107 960 2158 et
983 2099 1094 2159 iducis
1118 2099 1233 2160 nullius

134 2186 209 2246 setis
237 2185 356 2245 relidse
381 2203 562 2245 occurentes
590 2187 741 2244 Romsnse
771 2185 939 2266 potentine,
977 2182 1234 2264 Pbilentbropeno

135 2289 225 2349 quesn
240 2286 334 2330 unuin
350 2267 514 2330 timuerent
531 2279 646 2348 emoto,
668 2270 788 2330 ercibus
808 2269 868 2330 iem
888 2270 1006 2331 cunctis
1028 2268 1117 2348 potiti
1137 2269 1236 2329 licen·

135 2357 250 2416 tissime
264 2355 297 2414 in
317 2355 464 2415 subiectss
488 2355 614 2437 imperio
639 2353 777 2434 regiones
801 2354 912 2435 pessim
934 2354 1133 2420 innuderunt.
1174 2351 1236 2412 boc

138 2452 280 2502 memoret
291 2438 488 2522 Pscbynrcres
500 2441 547 2507 18
559 2439 659 2504 vol.li
671 2462 699 2503 c.
713 2441 765 2519 14,
787 2450 818 2500 et
832 2441 964 2522 coepisse
972 2439 1095 2512 videtur
1106 2438 1143 2499 eb
1151 2458 1232 2499 enno
1253 2491 1254 2499 ,

138 2526 208 2587 cte.
227 2531 323 2603 ¹297,
348 2523 465 2607 inperii
487 2526 651 2587 Andronici
673 2527 722 2593 16.
759 2526 883 2587 durasse
902 2544 975 2585 vero
998 2526 1063 2586 sins
1080 2524 1234 2585 internis-

140 2612 237 2689 sioue,
257 2613 349 2671 inimo
365 2632 433 2671 cum
449 2613 648 2672 strocioribus
665 2610 795 2671 subinde
811 2612 960 2671 melorum
975 2610 1159 2689 augmentis,
1183 2628 1236 2671 ue-

141 2717 197 2777 que
217 2698 255 2757 sd
273 2697 364 2756 finem
388 2696 478 2757 buius
498 2696 656 2771 historiee,
676 2695 915 2773 intelligitur-'ex
934 2694 1180 2771 frequentissimis
1201 2712 1236 2752 ee

142 2783 179 2842 de
192 2802 224 2841 re
237 2782 333 2842 nestri
346 2781 483 2843 historici
498 2782 627 2861 querelis
640 2799 676 2839 ec
688 2779 949 2840 lamentationibus
963 2796 1021 2859 per
1034 2786 1161 2839 cunctos
1172 2778 1236 2839 isse

144 2876 351 2945 consequentes
362 2866 454 2927 buius
467 2869 566 2947 operis
577 2865 672 2925 libros
688 2865 809 2946 spereis.

223 2951 257 3011 V.
297 2952 344 3011 Ex
359 2952 407 3012 bis
429 2962 511 3031 petet
528 2970 616 3032 quem
631 2958 829 3010 consentenes
843 2949 881 3010 sd
896 2957 1016 3010 nostres
1031 2946 1123 3007 buius
1138 2944 1234 3007 bisto-

146 3036 203 3098 riee
221 3037 392 3097 memorien
413 3038 543 3097 trebues
565 3035 687 3096 snnslss
702 3035 837 3096 rsiersnt
857 3034 939 3115 quod
961 3032 1100 3115 superius
1118 3031 1234 3092 exsen-

146 3123 261 3205 psimue,
283 3122 475 3201 Ortogrulsue
497 3120 654 3181 Othmsnis
666 3130 784 3201 petrem
801 3120 908 3181 obiisse
925 3138 1004 3179 enno
1018 3118 1144 3196 Hegirse
1157 3120 1231 3191 6874

148 3208 242 3288 quiex
255 3217 339 3289 perte
353 3207 498 3269 coincidit
513 3226 584 3267 cuns
604 3226 684 3267 enno
703 3205 814 3266 Christi
831 3210 930 3281 1288,
950 3204 1101 3283 inclytum
1117 3201 1236 3261 bellicis

149 3294 341 3369 successibus,
364 3292 552 3353 delicerent
573 3291 716 3353 videlicet
737 3290 847 3351 Persici
867 3290 972 3351 limitis
994 3288 1101 3349 militie
1121 3285 1236 3361 celetis,

149 3382 250 3459 quippe
262 3398 338 3459 quse
353 3378 414 3438 iem
432 3388 497 3437 tum
515 3400 531 3438 s
550 3387 668 3459 recepte
689 3377 727 3437 de
744 3376 856 3435 Letinis
878 3372 1155 3454 Constantinopoli,
1175 3368 1237 3430 boc

150 3473 191 3527 sn
206 3465 240 3522 sb
251 3464 338 3523 annis
352 3473 433 3523 retro
450 3460 597 3539 sedecim,
618 3462 767 3527 debilitsri
781 3460 868 3521 eride
884 3469 1033 3541 coeperet.
1061 3476 1153 3538 querc
1168 3474 1238 3517 suc-

150 3548 246 3608 cedens
266 3548 425 3626 Ortogrnii
444 3549 575 3609 Othmsn
597 3546 678 3608 filius
700 3546 814 3627 eliquot
833 3546 892 3606 iem
913 3556 981 3607 tune
995 3544 1102 3605 hebuit
1115 3544 1183 3603 loce
1199 3540 1239 3601 ds

152 3634 280 3694 bominis
297 3654 388 3694 menn
406 3644 509 3714 perte,
532 3632 642 3714 quibus
662 3634 751 3715 pluro
771 3632 944 3712 meiereque
963 3639 1122 3712 postquem
1142 3646 1240 3686 enno·

152 3738 212 3778 ron
232 3719 364 3799 plurium
384 3720 526 3779 contines
544 3720 686 3779 felicitste
703 3719 741 3778 sd
759 3729 913 3799 peternem
927 3716 1141 3795 Kereieptsgee
1154 3712 1240 3771 edie-

153 3803 231 3863 cisset
241 3803 403 3881 ditionem,
425 3805 556 3865 Sultsnis
568 3804 707 3885 denique,
726 3802 788 3864 boc
803 3814 846 3863 est
859 3802 990 3883 supremi
1001 3798 1159 3881 principis,
1179 3816 1240 3855 no·

153 3904 214 3948 nen
225 3886 303 3950 bend
318 3890 467 3950 dubiterit
482 3908 638 3971 ususpere,
657 3888 737 3949 tueri
753 3910 784 3949 se
797 3888 875 3949 iilud
889 3906 977 3967 posse
992 3904 1123 3967 spersns.
1148 3881 1239 3941 buius

134 3970 138 3979 “
154 3974 253 4054 primes
266 3994 302 4033 sc
316 3976 401 4055 qussi
422 3975 655 4035 lundsmentelis
668 3972 798 4055 epecbse
812 3972 997 4033 Ottenrenici
1008 3967 1126 4051 imperii
1139 3968 1241 4027 sedens

156 4078 188 4118 ex
200 4078 266 4119 vero
283 4058 316 4119 in
331 4060 440 4122 ordine
455 4070 625 4141 temporum
640 4071 771 4121 etstuere
783 4068 919 4119 nostrum
939 4065 999 4130 est,
1023 4053 1105 4135 quod
1120 4052 1240 4113 efficere

156 4144 317 4204 cenebimnr
336 4145 517 4227 comper-etis
538 4146 671 4206 erebum
693 4145 944 4221 chronologorum
957 4151 987 4202 et
999 4140 1096 4199 nostri
1115 4137 1239 4218 Pscby-

156 4230 231 4291 neris
242 4231 431 4293 testimoniis.
458 4232 553 4293 refert
567 4230 778 4312 Pscbyrneres,
797 4250 827 4310 p.
843 4232 905 4293 32⁷
918 4248 946 4287 r.
959 4230 998 4303 6,
1020 4226 1176 4285 Atorsnsm
1189 4225 1239 4282 in-

156 4314 269 4377 seiuisse
282 4318 391 4399 opibus
408 4317 552 4379 sdiuncts
564 4317 622 4379 sebi
635 4336 728 4379 msnu
740 4313 903 4377 fortissime
921 4312 1100 4377 belletoruur
1119 4308 1238 4373 soscri-
