3009 4900
274 237 348 308 152
586 234 765 306 GEORGII
788 233 1055 308 Plomma

233 403 448 491 Βιλιάγοντος,
473 403 577 494 ὥσπερ
598 403 716 494 ἤσκητέ
735 433 769 474 τε
795 405 997 476 adtribuere.
1055 399 1140 490 ὅμως
1160 402 1217 494 (τά
1238 401 1296 490 γὰρ
1318 409 1379 488 τῆς

273 509 408 596 ἀνάγκης
426 512 507 576 dorla
529 506 697 598 ἀδήριτον)
717 510 774 596 τὴν
795 509 931 597 σκληρὰν
953 509 1066 594 έκεένην
1090 511 1140 574 καλ
1156 505 1197 584 ὥς
1212 510 1244 573 έν
1261 510 1378 599 σιδηρᾷ

273 611 382 704 ῥάβδῳ
402 613 542 699 διέφερον
564 616 745 698 ποέμανσιν,
771 614 800 678 oi
819 615 875 696 μέν
899 611 1168 699 εὐγνωμονέστεροι
1181 611 1285 697 opima
1301 607 1379 676 inu-

273 729 339 793 τοῖς
361 716 419 800 τὴν
439 719 542 782 αῖτέαν
565 718 831 803 προστρέβοντες,
867 713 951 792 ὅσοις
976 715 1098 801 δηλαδὴ
1118 715 1161 798 μὴ
1180 707 1217 797 ἦν
1235 714 1265 778 έν
1280 721 1323 802 τῷ
1336 712 1379 779 τοὶ

273 829 336 887 τῶν
352 820 454 886 ἀλλων
469 822 580 906 κρίνεα
607 820 683 886 ἀλλ’
704 824 746 896 εἷς
771 817 901 895 ἔαυτοάς
920 815 1013 885 νεάειν
1037 821 1087 884 καὶ
1102 815 1325 893 inmoderati
1341 815 1414 890 abs,

238 940 262 993 c
279 930 437 1008 προσῆκον
456 933 637 1006 κατανοεῖν,
671 925 699 990 ελ
718 923 754 990 δέ
771 925 823 988 καὶ
836 919 989 1006 ἀλλήλους
1004 931 1181 1002 κατανοεῖν,
1208 922 1251 996 εἰς
1274 945 1380 1005 παρο-

276 1026 394 1108 ξυσμὸν
415 1023 536 1111 ἀγάπης
560 1029 610 1092 καὶ
633 1022 748 1107 μένον,
782 1031 973 1110 συγχωροῦσι
996 1025 1073 1102 τέως
1095 1034 1159 1100 τοῖς
1181 1023 1380 1109 γιγνομένοις,
1486 1031 1487 1040 ’

276 1129 349 1195 ἀλλ’
372 1128 408 1195 ori
430 1128 707 1216 περιεργαζομένοις
727 1128 802 1206 τοὺς
826 1129 1061 1214 ἐργαζομένους,
1096 1124 1184 1198 adad
1199 1152 1228 1193 τι
1252 1135 1388 1212 ποιοῖεν,

275 1243 342 1308 τοῖς
364 1234 399 1298 δὲ
420 1236 471 1297 καλ
490 1238 756 1318 πολυπραγμονεῖν
775 1228 860 1319 έπῄει
890 1235 942 1297 καὶ
964 1227 1197 1313 ἀνταμάνεσθαι
1225 1227 1384 1313 πάσχουσι,

276 1340 328 1402 καὶ
343 1331 511 1416 λαμβάνειν
525 1333 636 1421 λόγους
650 1337 682 1413 ἐξ
697 1334 800 1402 ἀλλων
807 1383 818 1416 ,
845 1335 999 1410 arderado
1014 1334 1116 1410 άλλως
1129 1336 1163 1402 la
1177 1339 1239 1400 τοῖν
1254 1327 1380 1400 εἰκότων
1389 1350 1433 1403 10

276 1436 319 1516 ὥς
333 1437 470 1523 ἀγνῶτος
484 1444 610 1514 πολλοῖς
622 1436 714 1515 ὄντος
726 1440 839 1504 ἐκείνου
849 1437 901 1502 διὰ
915 1436 971 1522 τὴν
985 1439 1034 1504 tut
1047 1444 1085 1525 τῇ
1101 1433 1382 1520 ἀοκήσειμάνωσιν.

169 1564 192 1619 Ρ
211 1565 261 1620 102
377 1541 442 1613 ,17.
497 1539 627 1608 Τοάτων
647 1539 746 1618 οὕτως
762 1539 902 1625 ιέχάντων
924 1537 941 1606 d
961 1539 1018 1624 μέν
1034 1537 1280 1627 πατρισρχεάσας
1295 1544 1326 1606 Γ
1322 1566 1382 1624 ρη-

277 1640 381 1731 γάριος
405 1641 489 1734 νόσω,
511 1643 697 1734 πολυημέριρ
719 1645 957 1730 κατεργασθεές,
985 1641 1027 1721 ὥς
1040 1645 1076 1710 δέ
1089 1669 1167 1720 τινες
1184 1642 1302 1728 ἔλεγον,
1328 1645 1382 1708 καλ

278 1749 330 1813 διὰ
353 1747 410 1831 τὴν
432 1746 605 1832 παράρασιν
628 1749 660 1813 έκ
682 1751 909 1832 μικροψυχίας,
944 1746 1016 1828 μετ’
1044 1745 1079 1812 ori
1095 1745 1173 1811 notri
1188 1753 1313 1835 τελευτᾷ
1327 1744 1382 1810 τὸν

276 1853 357 1932 βέον.
410 1855 462 1916 καὶ
479 1851 514 1918 τά
531 1852 588 1931 μέν
601 1853 845 1939 ένψαλμῳιλέοις
860 1848 991 1916 θάπτειν
1005 1849 1085 1916 κατά
1104 1850 1138 1916 rd
1155 1848 1233 1924 εἰκὸς
1247 1851 1380 1927 tullum,
1390 1867 1428 1922 15

237 1975 262 2028 Β
280 1953 315 2021 τὸ
334 1956 352 2018 d
359 1953 370 1978 ³
392 1951 434 2029 ἀς
455 1952 615 2037 ἀρχιερέα,
642 1951 747 2038 ὥσπερ
770 1941 957 2035 δὴκάκεῖνος
972 1951 1048 2042 ᾤετο
1062 1952 1118 2035 τὴν
1135 1949 1299 2037 ἱερωσύνην
1319 1978 1382 2018 πα-

278 2057 473 2140 ρακατέχων,
500 2055 632 2140 σιιχνοάς
647 2053 663 2121 ὅ
680 2063 803 2143 κρατῶν
817 2056 1013 2122 ἀποστέλλων
1028 2055 1150 2140 ἀπέλεγε
1160 2105 1170 2134 ,
1197 2057 1249 2119 καλ
1267 2061 1306 2142 τῇ
1324 2055 1382 2119 uai-

277 2161 412 2250 τανεψέρ
434 2158 620 2242 έπέοκηπτεν
643 2158 837 2239 έπιτάττων,
872 2155 891 2242 ἣ
919 2183 966 2236 τις
990 2151 1028 2244 ἦν
1050 2155 1259 2241 Ῥαοάλαιισ,
1284 2155 1329 2242 μή
1352 2183 1381 2224 τι

278 2269 423 2328 τοιοῦτον
439 2264 600 2342 ἐπιτελεῖν,
622 2259 639 2327 ὃ
655 2261 693 2346 δὴ
708 2264 758 2326 καὶ
776 2265 897 2348 γίνεται.

279 2424 343 2482 elam
361 2430 389 2479 et
405 2442 509 2493 areano,
524 2429 603 2498 prout
618 2425 701 2481 aaceai
718 2425 795 2496 longa
810 2425 972 2491 insueverat,
988 2429 1081 2479 mnata
1096 2422 1168 2479 vitae
1185 2423 1272 2479 officia
1288 2423 1383 2479 trauai-

279 2498 374 2630 itt:
390 2503 480 2617 its:
493 2494 1383 2634 tulit:ilidii'td‘itti'iudilituit“tii

279 2633 404 2689 mummi
431 2650 506 2689 aenau
528 2634 616 2705 gravia
639 2635 755 2688 omnibna
780 2634 930 2687 incommodi
954 2634 1071 2687 elucebat
1094 2634 1243 2703 exquisitior
1267 2634 1383 2705 aequitaa

278 2703 446 2774 quorumdam
468 2704 518 2757 eibi
541 2704 598 2755 unia
616 2703 683 2786 puali
707 2720 810 2757 caueam
831 2702 1016 2771 imputantium.
1052 2719 1142 2773 nempe
1165 2702 1203 2756 aio
1220 2702 1314 2756 dudum
1331 2712 1384 2756 ata-

279 2781 391 2843 tuerant,
409 2789 459 2825 non
476 2789 600 2841 arrogare
616 2772 665 2825 arbi
681 2772 801 2826 indicium
819 2788 900 2825 rerum
919 2771 951 2825 ad
968 2771 1031 2825 alioa
1048 2772 1233 2841 epectantium‚
1250 2773 1295 2825 aed
1311 2771 1338 2824 in
1354 2787 1383 2826 ae

278 2842 350 2910 ipaoa
367 2843 531 2894 attentionem
549 2841 640 2895 mentia
657 2858 755 2893 omnem
772 2850 884 2907 vertere,
902 2840 951 2894 aibi
968 2858 1063 2894 cavero
1079 2848 1157 2911 atque
1173 2840 1308 2910 invigilare
1325 2857 1384 2910 pro·

278 2912 409 2963 movendis
427 2910 590 2977 adrentum,
616 2909 692 2963 unice
713 2927 819 2963 aecuroa
836 2910 958 2975 aliorum,
981 2909 1031 2962 niei
1047 2918 1187 2993 quotenne,
1209 2910 1333 2963 euadente
1349 2910 1386 2964 εἰσ

280 2979 427 3031 conditione
444 2996 531 3031 eorum
548 2996 616 3049 quae
634 2980 800 3047 gerebantur,
811 2980 949 3032 obaorvare
966 2995 995 3031 ae
1011 2978 1117 3031 invicem
1135 2980 1258 3048 proderat
1275 2979 1309 3031 ad
1326 2996 1386 3050 pro-

279 3049 440 3101 vocationem
457 3049 591 3113 caritatis,
614 3048 716 3101 minime
739 3065 804 3102 vero
827 3049 869 3103 ubi
893 3065 942 3100 non
959 3055 1098 3117 appareret
1114 3049 1213 3101 fructus
1230 3047 1284 3101 eiua
1300 3048 1386 3118 inape·

280 3116 372 3171 σῑίοοῑε
389 3116 455 3168 aliua
471 3134 547 3186 quam
559 3116 676 3170 aolatium
688 3116 844 3170 enrioaitatia
856 3116 993 3186 prurientia
1004 3117 1030 3169 in
1042 3117 1149 3170 otioaam
1161 3126 1188 3170 et
1198 3116 1294 3183 ligendi
1305 3117 1386 3170 loeurn

279 3186 363 3238 eculei
373 3192 537 3254 quaerentem
549 3186 748 3257 explorationem
763 3187 889 3239 tactorum
905 3186 1051 3251 abonorum,
1063 3186 1192 3255 plerisque
1204 3186 1304 3239 interim
1318 3186 1386 3239 band

279 3269 310 3307 aa
326 3254 394 3307 intra
410 3254 475 3307 linea
491 3254 562 3324 paria
578 3254 717 3307 modoetiae
734 3255 937 3319 continentibua‚
963 3271 1051 3307 verum
1075 3262 1102 3307 et
1123 3256 1224 3309 curiora
1241 3254 1386 3322 indaganti-

279 3324 330 3377 bna
348 3340 415 3393 quae
432 3332 658 3391 anapeeta'verant,
682 3330 710 3376 et
727 3323 815 3376 uloiaci
832 3324 980 3377 conantibna
997 3324 1020 3376 ai
1036 3341 1110 3377 eeoua
1127 3342 1203 3394 quam
1220 3324 1314 3377 vellent
1331 3332 1387 3377 tra-

280 3399 430 3459 ctarentur,
447 3402 474 3445 et
490 3410 543 3462 que
558 3410 646 3445 aerere
662 3391 748 3461 lpum,
766 3410 817 3461 qua
835 3409 938 3461 apareoa
962 3394 996 3445 ab
1021 3392 1078 3446 aliia
1100 3394 1219 3461 accipere
1242 3392 1338 3447 liberoa
1354 3393 1386 3447 de

279 3462 319 3515 bia
336 3478 466 3515 umonea
483 3470 511 3513 et
527 3460 623 3516 iudicia
638 3460 819 3515 aeriaimilibue
837 3460 923 3514 innixa
940 3460 1108 3525 coniecturis,
1134 3462 1256 3532 pleraque
1273 3462 1386 3517 Αλουσα·

278 3530 343 3585 aium
360 3530 524 3583 traducentia
541 3547 588 3599 pro
604 3531 719 3583 funditur
734 3530 825 3597 ignaro
842 3530 905 3584 ertia
922 3530 1048 3584 bominum
1064 3531 1249 3601 regendorum,
1268 3548 1344 3603 quam
1360 3532 1386 3585 in

278 3600 419 3654 solitudine
435 3598 538 3652 aaeetici
555 3616 672 3653 aeoeaana
694 3598 796 3663 diruere
812 3598 879 3651 band
898 3599 1030 3669 potuiaaet.

350 3671 391 3725 17.
426 3668 475 3723 Hie
492 3668 532 3720 ita
548 3685 578 3720 aa
593 3668 764 3735 habentibus,
791 3668 971 3739 expatriarcha
988 3668 1132 3736 Gregoriua
1148 3668 1272 3735 languore
1289 3668 1385 3723 dierum

279 3738 414 3793 multorom
431 3738 580 3805 exbauatna,
597 3747 627 3791 ut
644 3746 729 3791 autern
746 3738 849 3807 quidam
865 3738 976 3799 aiebant.
984 3738 1144 3821 aegritudine
1162 3738 1238 3791 animi
1256 3740 1386 3792 confecere

278 3804 339 3859 inde
355 3818 416 3860 nata
432 3808 501 3877 quod
518 3823 550 3861 ex
568 3806 628 3860 olim
645 3811 695 3859 tam
714 3808 837 3860 bonorato
855 3814 907 3860 tarn
923 3824 952 3859 ae
970 3807 1045 3859 bodie
1071 3814 1243 3876 conternpturn
1260 3816 1385 3875 cerneret,

278 3874 355 3995 paulo
373 3883 431 3943 poat
447 3878 533 3930 uivere
551 3876 635 3929 desiit.
670 3875 726 3927 eiua
749 3876 873 3945 exequiae
898 3876 1052 3947 poalmorum
1076 3884 1152 3929 eantu
1176 3876 1208 3928 de
1232 3892 1302 3929 more
1319 3876 1386 3929 eele-

298 3942 350 3993 rari
368 3961 516 3998 eonceaaum
533 3952 587 3997 eat:
614 3950 642 3996 at
658 3961 715 3997 eum
731 3945 837 4014 aepeliri
855 3950 883 3998 ot
901 3945 1087 4015 patriarcham,
1109 3944 1177 4015 quod
1195 3962 1314 4014 eperaaae
1330 3944 1386 4015 ipae

279 4010 417 4065 videbatur
433 4014 492 4066 dum
509 4014 538 4067 in
555 4013 670 4066 ceaaione
687 4015 859 4068 sacerdotium
885 4015 995 4067 retinere
1012 4014 1108 4079 voluit,
1131 4012 1229 4067 omnino
1253 4026 1342 4069 vetare
1358 4032 1387 4069 ae

278 4096 327 4150 per
343 4080 448 4133 erebroa
465 4084 497 4135 ad
514 4084 541 4136 id
559 4083 650 4137 miaaoa
667 4083 770 4136 nuntior
790 4082 945 4151 aignilioavit
962 4082 1114 4152 imperatore
1135 4092 1162 4136 et
1179 4100 1241 4137 auae
1258 4082 1385 4137 oonaobrl-

278 4166 327 4203 nae
344 4147 458 4201 defuncti
475 4152 653 4220 peratudioaae
671 4152 819 4206 Railaenae
836 4154 932 4206 diserte
947 4151 1081 4208 interdixit
1096 4170 1130 4207 ua
1155 4152 1216 4225 quid
1233 4152 1286 4207 talo
1303 4158 1388 4207 atten-

277 4222 357 4292 tarat.
390 4218 494 4292 privato
511 4238 574 4293 ergo
590 4222 674 4277 elatae
694 4230 735 4277 eat
751 4220 851 4275 iuuere.
