3009 4900
273 288 347 357 812
480 310 482 317 ·
575 286 810 355 OBSERVAT.
832 285 1065 353 PAGHYMER.

271 450 435 511 maximum
452 452 486 511 in
504 458 605 533 partes
627 450 766 511 Gatheiae
786 460 818 510 et
836 443 966 510 ffliacu
987 448 1153 511 amandum
1172 447 1213 508 ab
1235 446 1325 526 laos,
1346 449 1384 511 in

270 536 439 599 Occiduam
453 536 632 615 Megalensis
644 536 763 617 imperii
778 535 914 597 limitem.

354 622 408 682 IX.
453 621 540 682 Anno
561 622 777 701 Hegiraefidt,
794 622 879 681 cuias
897 619 1015 701 primus
1025 618 1091 679 dise
1105 619 1139 677 io
1154 638 1236 679 auno
1254 618 1388 679 Iuliano

271 724 357 767 serae
370 705 482 767 Christi
499 708 580 773 1258
603 715 648 767 est
660 706 768 767 tertius
785 706 896 767 mensis
914 704 1030 778 Martii,
1059 704 1219 783 capessivit
1237 706 1388 763 Halaesa

271 792 336 851 sive
356 791 478 849 Claalar'i
493 790 679 851 commissam
698 792 756 851 sibi
779 812 858 851 sono
883 792 1038 870 superiore
1057 790 1282 868 praefecturam
1302 810 1387 869 pro-

270 875 439 935 vinciarum
460 876 666 937 Occidusrum
689 876 870 955 Mogutensis
892 874 1026 956 imperii,
1054 875 1094 932 ad
1122 893 1196 953 quas
1215 876 1387 954 profectus

269 970 315 1021 est
336 962 449 1021 ducens
473 960 638 1021 exercitum
656 961 930 1023 numerosissimum
945 971 1045 1039 atque
1062 959 1276 1019 lectissimum:
1304 980 1386 1019 nam

270 1046 427 1124 osingulis
442 1046 603 1107 decadibus
624 1046 756 1107 militnm
774 1047 851 1107 duos
876 1044 974 1124 etegit.
1016 1043 1221 1123 suppeditavit
1240 1044 1341 1105 etiam
1354 1046 1385 1103 ei

270 1130 459 1191 Markakans
480 1134 564 1191 Kasn
582 1134 732 1210 ingentem
748 1140 929 1212 apparatum
946 1148 1098 1189 armorum
1110 1138 1143 1188 et
1163 1128 1384 1190 machinarum
1493 1133 1494 1142 ’

272 1234 342 1275 cum
365 1216 456 1277 fabris
478 1236 590 1276 esrum.
634 1216 724 1275 duxit
746 1236 866 1297 quoque
886 1235 988 1275 secum
1007 1214 1141 1273 Halaesa
1162 1214 1261 1274 filium
1283 1232 1383 1273 suum

164 1307 185 1357 P
204 1305 255 1361 589
272 1311 347 1360 netu
359 1301 523 1360 maximum
538 1300 708 1374 (Abakam,
730 1301 831 1379 inquit
841 1300 1096 1381 Abriphsragius:
1124 1308 1171 1357 est
1190 1298 1216 1357 is
1233 1300 1299 1357 siae
1315 1300 1383 1359 du·

271 1386 320 1445 bio
337 1406 422 1463 quem
438 1384 632 1465 Pachymeree
645 1390 793 1465 Apagam
806 1391 911 1463 vocat)
923 1395 953 1445 et
959 1385 1133 1465 primariam
1144 1401 1271 1443 uxorem
1285 1383 1381 1443 Chri·

271 1469 397 1529 stianam
410 1470 578 1531 Dabarem
590 1473 719 1531 nomine.
760 1492 838 1551 quae
851 1480 959 1531 cuncta
970 1470 1056 1529 iuvat
1067 1488 1241 1545 memorare,
1264 1488 1379 1547 quon-

269 1556 330 1615 iam
361 1556 397 1615 iis
430 1556 566 1635 quaeda
593 1557 715 1615 Gnatae
740 1557 936 1636 Pachymeres
966 1555 1061 1613 tradit
1080 1552 1171 1613 fidem
1201 1556 1376 1613 adstruunt.

273 1639 359 1700 annis
371 1640 442 1719 Heg.
454 1644 517 1707 655
533 1651 563 1699 et
580 1642 643 1707 654
655 1653 792 1701 recenset
807 1640 1043 1721 ebulplaaragius
1055 1639 1202 1717 quaedem
1215 1648 1282 1696 acta
1294 1641 1378 1697 Ha-

272 1726 346 1785 Iacu
366 1727 437 1785 setis
457 1727 640 1807 conspicua,
668 1727 721 1787 sed
742 1748 848 1807 parum
869 1726 909 1783 ad
930 1746 986 1785 noe
1004 1724 1195 1804 pertinentia.
1236 1723 1319 1783 unde
1334 1724 1377 1783 ad

271 1829 385 1871 annum
397 1810 469 1890 fleg.
482 1814 545 1878 656
562 1832 771 1890 promovemus
784 1811 925 1890 madum:
955 1810 989 1867 in
1007 1830 1042 1867 eo
1056 1810 1168 1889 quippe
1180 1808 1270 1869 nimis
1283 1810 1375 1869 mam

271 1898 367 1957 multe
385 1896 424 1957 ad
439 1916 494 1955 nos
508 1898 674 1976 spectantia
694 1897 936 1977 Ahuipharsgius
950 1904 1106 1955 memorat.
1149 1894 1264 1973 incepit
1277 1896 1303 1953 ia
1316 1915 1375 1951 ao-

272 2002 330 2041 nus
347 1982 489 2041 Arabicus
507 2002 525 2038 a
542 1981 590 2039 die
605 1986 644 2047 19
667 1983 797 2042 Ianuarii
816 1980 889 2040 anni
908 1980 978 2039 cnr.
1002 1982 1095 2054 1257,
1109 1980 1193 2039 unde
1212 1989 1295 2043 totus
1308 1981 1375 2039 iere

272 2086 341 2125 cnm
363 2063 423 2125 hoc
448 2078 714 2127 commensuratur.
758 2088 793 2125 eo
818 2066 923 2126 scribit
943 2062 1183 2144 Abutpharagius
1202 2086 1232 2144 p.
1254 2064 1316 2129 884
1340 2073 1374 2123 et

272 2152 412 2231 deinceps
431 2162 602 2232 aegrotasse
620 2150 805 2211 Tlseodorssm
819 2156 1030 2229 inspectorem
1049 2152 1236 2209 Graecorum
1252 2150 1287 2209 in
1300 2149 1374 2206 as-be

274 2238 390 2316 Nicia,-
411 2240 588 2316 interimque
608 2259 730 2297 vexasse
744 2241 916 2316 patricium
935 2232 1089 2317 quendam
1107 2257 1123 2290 e
1142 2256 1198 2293 suo
1222 2238 1373 2293 comitata

271 2320 458 2381 Michae'lem
475 2336 667 2401 cognomento
688 2323 931 2403 Palaeolognm,
952 2318 1039 2401 quod
1057 2343 1073 2377 e
1088 2318 1276 2398 quibusdam
1287 2323 1373 2380 nati·

272 2406 363 2463 ciniis
376 2426 453 2482 qnae
461 2407 641 2480 serebantur·
656 2419 843 2486 suspectaret
855 2419 1072 2486 regnaturum
1094 2408 1221 2463 iussisse
1234 2406 1326 2466 tunm
1337 2408 1371 2462 in

274 2491 420 2546 territorii
439 2491 713 2550 Thessalonicensis
729 2504 831 2550 omtro
844 2492 980 2572 quodam
994 2489 1216 2570 comprehendi,
1238 2489 1373 2568 ducique

273 2577 306 2632 in
319 2593 464 2634 aaronem
480 2573 651 2655 aquodam
673 2574 815 2653 Gadino,
842 2581 899 2656 qus'
914 2589 1013 2636 massa
1034 2580 1062 2634 ei
1069 2573 1256 2653 praedicarit
1268 2578 1373 2652 impe-

274 2661 371 2734 rium,
410 2659 578 2739 exequendo
605 2663 808 2721 nihilominus
840 2659 960 2722 irrisam
987 2663 1174 2740 irnperatoris
1205 2657 1369 2720 Theodori.

273 2746 355 2804 lnsrsc
376 2743 468 2803 addit
487 2745 620 2806 adducti
640 2745 690 2813 ad¹
708 2771 738 2806 se
756 2747 921 2806 Miclsatlis
942 2743 1151 2806 misericordia
1160 2755 1276 2802 motum
1296 2765 1372 2802 esem

274 2833 427 2906 liberasse,
448 2843 477 2890 et
489 2843 619 2892 tutorem
625 2855 736 2913 parvo,
758 2855 843 2913 quem
858 2832 1055 2912 relinquebat,
1073 2833 1142 2908 filio
1159 2829 1373 2890 Gan-toarno·

273 2928 382 2976 rocam
410 2919 602 2998 praefecisse.
650 2941 690 2978 ac
720 2920 819 2996 passio
843 2930 917 2999 post
942 2927 1098 2976 mortuum
1126 2919 1161 2974 in
1189 2917 1370 2974 monasterio

274 3003 452 3079 Magnesiae
461 3003 566 3080 sesiam
582 3005 744 3080 sepultam.
787 3004 873 3064 addit
885 3003 1051 3064 Muaalouis
1064 3002 1195 3077 medem,
1216 2999 1371 3060 Michaelis

272 3085 442 3164 Palaeoiogi
460 3089 678 3167 promotionem
698 3090 734 3150 ad
757 3089 931 3168 imperium,
963 3087 1270 3166 circumscriptionem
1284 3087 1369 3164 pueri

266 3171 511 3249 Calo-loannis,
534 3173 707 3235 eiectionem
728 3175 846 3234 Arrenii
866 3171 1054 3253 patriarches
1076 3174 1109 3230 in
1136 3172 1262 3231 exilium
1286 3173 1370 3231 iussu

272 3255 443 3332 Michaelis,
465 3259 549 3337 quod
564 3259 591 3319 is
606 3261 706 3340 ipsum
729 3261 767 3318 de
783 3260 894 3339 papilii
905 3258 1099 3337 oppressione
1114 3256 1370 3337 reprehendisset,

272 3341 402 3418 denique
421 3344 590 3403 accumulat
607 3365 700 3423 super
715 3345 815 3404 omnia
826 3343 1084 3422 recuperationem
1102 3341 1183 3402 urbis
1199 3341 1369 3400 Constanti-

272 3426 463 3503 nopolitanae
485 3437 514 3487 et
532 3429 706 3488 eiectionem
727 3449 766 3490 ex
787 3449 822 3488 ea
842 3431 1035 3503 Latinorum,
1064 3427 1188 3486 modum
1211 3427 1257 3486 rei
1272 3436 1369 3504 gestae

271 3511 424 3586 reterens,
445 3511 478 3569 in
490 3532 569 3591 quo,
593 3523 627 3573 nt
642 3523 671 3572 et
685 3514 823 3593 superius
838 3516 1024 3588 memoretis,
1055 3514 1202 3591 quaedam
1220 3533 1282 3571 aron
1297 3513 1368 3570 adeo

271 3595 370 3674 magni
392 3599 533 3658 momenti
554 3599 772 3679 discrepantiae
791 3621 809 3657 a
833 3599 1068 3679 Pacbymeriana
1090 3596 1262 3656 narratione
1281 3597 1369 3656 facite

273 3701 343 3740 cum
367 3681 549 3762 deprehendi
577 3693 642 3744 tum
671 3685 782 3762 corrigi
808 3694 953 3763 poterunt
973 3702 1012 3744 ex
1037 3683 1200 3742 collatione
1220 3703 1289 3741 cum
1310 3683 1331 3742 i.
1351 3687 1366 3745 1

271 3767 367 3847 partis
381 3767 490 3848 prioris
504 3767 594 3830 huius
608 3769 890 3831 noseaehistoriae.
916 3789 1010 3830 uuum
1024 3766 1193 3829 necessario
1206 3767 1258 3826 hic
1273 3785 1369 3826 emen.

271 3852 394 3928 damus,
415 3853 495 3930 quod
517 3855 559 3914 ait
580 3855 708 3935 spatium
727 3855 891 3935 temporis,
918 3875 980 3933 qao
998 3854 1071 3914 urbs
1097 3852 1368 3930 Constantinopolis

270 3945 344 3996 tnnc
366 3939 488 3999 Graecis
509 3939 627 4001 reddite
648 3942 810 4018 permamit
834 3942 868 4000 in
889 3948 1036 4020 potestate
1064 3938 1253 4011 Latinorum,
1280 3937 1369 3996 fuisse

272 4041 422 4082 annorum
447 4027 565 4082 circiter
586 4029 816 4106 qninquaginta
834 4029 939 4088 triam.
981 4024 1083 4084 verius
1097 4023 1212 4102 quippe
1226 4023 1369 4100 Georgius

271 4106 465 4185 Acropolits,
486 4131 573 4188 quem
596 4111 808 4190 ‹lesos-ipsimae
826 4123 858 4172 et
870 4121 953 4170 recte
963 4128 1135 4170 numerasse
1149 4107 1369 4168 demonstravi-

271 4209 338 4248 mus
357 4192 493 4270 priosum
511 4195 760 4256 Observationum
784 4196 839 4261 l.3
860 4195 921 4259 ct
944 4215 976 4256 n.
992 4201 1022 4270 3,
1048 4195 1201 4254 detentam
1222 4192 1369 4251 aLstims

271 4274 565 4357 Constantinopolim
582 4301 636 4361 per
649 4301 742 4342 annos
765 4277 835 4340 octo
856 4301 946 4361 supra
967 4280 1182 4361 quinquaginta
1198 4278 1371 4354 affirmavit,
