3009 4900
264 293 336 368 792
559 291 800 364 OBSERVAT.
823 287 1064 364 Pleume,

263 463 389 542 denique
400 461 522 543 plenum
536 481 578 534 os,
597 467 633 522 nt
643 468 740 540 anta,
752 460 856 522 lueene
868 459 1005 522 ostendit.
1044 457 1094 522 ln's
1114 461 1206 522 tere
1227 456 1364 521 valiis
1376 479 1422 516 ι-

263 560 329 611 otor
347 547 430 608 istud
442 545 681 628 phaenomeuum
697 546 846 627 exprimit,
865 556 976 625 quotus
991 546 1020 606 ie
1036 565 1133 606 sunus
1149 546 1214 604 ab
1236 543 1346 628 orbe
1359 563 1424 602 cea-

264 635 339 708 dito,
360 653 420 714 qus
436 633 512 692 solet
523 631 676 692 interdum
689 632 735 694 uti
751 651 831 709 sera,
848 639 1023 692 numeratus
1035 631 1125 692 luerit
1142 641 1316 690 noem
1361 649 1430 688 αι-

262 721 343 780 sului
362 739 414 798 ego
428 735 517 798 super
534 715 593 776 hoc
607 717 803 779 domesticum
816 718 971 778 orsculum
983 715 1148 776 doctissimi
1165 715 1433 776 humanis&

263 804 395 883 mihique
417 801 583 864 unicissim
598 803 694 882 patris
706 802 826 862 losuuis
838 803 989 884 Baptistae
1004 801 1127 862 Bierioli
1143 802 1365 862 udonus
1379 822 1435 860 ue-

264 899 358 970 etree,
380 887 457 950 datie
469 887 508 947 ad
526 887 611 948 illum
627 885 700 948 hinc
710 889 807 948 Roma
824 888 918 950 literis
936 888 1015 948 circs
1030 886 1150 948 initium
1166 887 1336 967 Aprilis
1351 907 1436 944 anns

265 975 376 1037 Christi
390 977 483 1118 10167.
515 972 555 1034 ad
566 991 615 1034 ess
628 981 766 1036 matum
776 973 839 1034 eim
850 972 1004 1056 epistolam
1014 971 1065 1033 hio
1076 971 1290 1034 describere
1307 991 1436 1052 opu

264 1059 393 1141 pretium
435 1057 497 1118 uxi.

307 1261 451 1343 Epistola
472 1261 599 1324 Ioannis
618 1263 785 1341 nupturae
805 1260 940 1322 Ricciols'
961 1279 1022 1320 soc.
1043 1260 1112 1321 leen
1136 1257 1187 1320 ad
1202 1263 1388 1322 Parim

555 1349 718 1406 Poees'num
745 1345 881 1406 eiusdem
907 1348 1073 1409 societatis.

580 1481 751 1548 Reverendo
771 1487 805 1544 s'n
819 1478 944 1546 Christo
954 1493 1054 1562 pater.

391 1589 462 1646 Pas
483 1583 611 1646 moissi.

349 1688 425 1748 Cum
434 1687 630 1768 l’eehymeres
641 1686 662 1754 l.
674 1686 695 1752 4
709 1707 737 1749 c.
751 1686 791 1752 15
803 1695 908 1747 nsi-ret
918 1688 1012 1748 mrem
1028 1686 1308 1768 Constantinopoli
1327 1680 1416 1746 edi·

265 1775 341 1854 paim
351 1773 440 1834 lunee
450 1774 574 1834 totalem
587 1791 685 1832 menee
700 1772 845 1846 Ianuario,
865 1772 941 1834 hora
954 1774 1051 1833 noctis
1061 1778 1091 1847 8,
1112 1773 1156 1831 its
1168 1784 1209 1833 nt
1221 1775 1311 1833 lurra
1324 1781 1413 1854 post

265 1857 371 1920 horam
386 1862 448 1920 sere
461 1869 528 1920 tots
542 1859 623 1918 intra
636 1857 773 1917 umbram
787 1859 904 1918 telluris
914 1858 1052 1917 immersa
1070 1859 1161 1916 luerit
1177 1869 1211 1918 et
1225 1876 1407 1939 emn'gere

265 1945 330 2003 vies
345 1946 385 2004 sit
403 1945 441 2004 sb
457 1944 563 2004 umbre
578 1952 646 2023 poet
664 1942 756 2016 horae
769 1943 907 2003 trientem
923 1942 1100 2020 tandemque
1115 1952 1187 2023 poet
1206 1943 1315 2003 horse
1339 1945 1405 2002 in-
1481 1982 1485 2030 7

266 2030 428 2090 tervellum
439 2038 506 2089 tota
521 2029 682 2104 emeruerit,-
693 2047 791 2108 neque
802 2047 875 2088 vero
887 2029 965 2088 diem
977 2046 1071 2105 neque
1084 2049 1200 2088 annum
1211 2031 1397 2110 exprimat,

264 2115 317 2174 sed
334 2115 430 2176 solum
445 2114 477 2174 id
494 2114 634 2174 accidisse
651 2122 788 2194 tempore
813 2113 974 2174 Andronici
988 2114 1151 2192 Pslaeologi
1171 2115 1307 2190 resera,
1332 2117 1394 2173 iu·
1483 2173 1484 2194 p

264 2201 316 2258 bea
333 2219 389 2276 me,
410 2211 498 2281 pater
512 2199 680 2260 doctiaeima
692 2208 722 2258 et
736 2200 941 2270 amantissime,
962 2200 1111 2277 inquirere
1125 2219 1166 2258 ex
1180 2219 1250 2258 mes
1266 2202 1392 2261 Aeuo-
1482 2196 1483 2201 ’

265 2285 365 2343 nomin
390 2287 562 2344 Reformats
582 2293 674 2363 quoto
696 2285 880 2344 Chrietirnse
905 2283 1034 2365 epochae
1056 2304 1135 2343 enno
1164 2285 1237 2344 tulis
1258 2285 1389 2366 edipa'e

264 2369 435 2444 contigerit3
456 2371 654 2446 supponieque
670 2388 708 2428 ex
729 2380 875 2430 contextu
891 2389 992 2431 rerum
1012 2377 1159 2448 gruterum
1180 2389 1294 2430 sunum
1307 2371 1384 2430 lm-

262 2452 390 2511 iuemodi
406 2453 567 2509 consistere
588 2453 667 2510 inter
688 2458 770 2519 1298
785 2464 815 2513 et
835 2460 917 2521 1810
939 2456 1036 2515 dictae
1054 2454 1195 2534 80001189·
1233 2466 1270 2516 m
1285 2456 1375 2516 πώ

262 2536 323 2593 tuis
338 2534 580 2609 abrenuntiarem,
603 2536 770 2594 examinavi
781 2538 945 2617 plenilunii
960 2542 1087 2600 Ianuarii
1100 2541 1225 2599 omnium
1236 2542 1369 2619 praedi-

263 2628 382 2679 ctorum
401 2638 563 2697 nuuorum3
590 2627 620 2677 et
639 2620 805 2699 respondeo
827 2622 967 2683 distincte
988 2644 1044 2704 per
1065 2635 1128 2685 tres
1148 2626 1360 2699 modusicam

263 2724 458 2784 euppnnoque
479 2726 536 2784 pro
558 2712 658 2781 certo,
680 2724 719 2765 ex
731 2726 800 2767 mes
818 2717 885 2769 tum
899 2710 1085 2791 Geograplris
1098 2722 1164 2771 tum
1175 2710 1361 2769 aeconomia

263 2792 434 2851 Reiormeta
441 2836 450 2867 ,
472 2792 726 2871 Constantinopoli
745 2794 932 2855 altitudinem
945 2796 1007 2876 poli
1020 2816 1082 2855 esee
1092 2796 1236 2875 gratim
1248 2796 1293 2860 42
1308 2798 1365 2870 56,

263 2876 385 2954 eiusque
395 2874 591 2937 meridianum
604 2877 823 2938 orientaliorem
835 2898 897 2940 esse
909 2881 1084 2943 Bononiensi
1097 2883 1160 2957 (cui
1173 2881 1281 2943 affine
1292 2891 1367 2943 eunt

263 2978 347 3043 meae
359 2960 492 3041 namn)
505 2961 581 3020 aar·
597 2969 613 3026 ι
628 2962 699 3023 nm
713 2968 757 3029 eo
770 2968 822 3029 ee.

686 3130 701 3191 l
729 3132 940 3195 conclusio.

336 3250 420 3309 inter
435 3268 528 3310 annos
543 3250 653 3311 Christi
672 3254 892 3317 1298n1310
907 3252 1007 3313 nullus
1018 3252 1092 3333 suit,
1112 3255 1145 3315 in
1156 3254 1242 3315 caius
1252 3254 1367 3316 lanua-

264 3332 413 3395 notuerit
424 3334 620 3413 plenilunium
635 3334 818 3415 eclipticum,
838 3334 897 3420 nisi
910 3340 982 3398 enni
995 3344 1074 3405 1301
1090 3344 1171 3405 1302
1184 3349 1215 3399 et
1231 3344 1323 3408 1303.

346 3436 435 3495 lletio
447 3445 494 3495 est
510 3436 591 3514 quis,
610 3446 646 3496 ut
659 3437 748 3496 lunee
764 3438 879 3519 eclipsis
890 3438 931 3500 sit
944 3442 1122 3503 neutraliter
1131 3442 1294 3521 presidiiis,
1314 3444 1367 3503 lu·

264 3539 320 3583 nse
336 3518 477 3579 duuntis
496 3538 515 3579 e
535 3520 675 3600 propiore
690 3522 841 3583 nodorum
854 3544 917 3585 non
931 3525 1019 3587 debet
1037 3526 1183 3587 excedere
1198 3528 1311 3606 gradus
1325 3532 1365 3593 17

264 3611 324 3683 20,
345 3614 382 3665 ut
400 3604 490 3665 doctri
511 3604 588 3665 libro
602 3608 624 3673 6
639 3606 798 3687 Almagmti
813 3610 900 3669 Novi
942 3622 976 3671 et
994 3612 1026 3670 in
1047 3613 1215 3691 pleniluniis
1232 3612 1365 3673 lanumii

265 3691 397 3751 omnium
417 3710 565 3751 tuncrum
587 3692 624 3750 sb
644 3712 722 3752 nnnc
744 3693 883 3759 1298111
904 3699 1003 3772 1810,
1031 3696 1159 3776 demptis
1176 3700 1262 3758 anuis
1282 3704 1362 3764 1801

266 3780 350 3841 1302
365 3779 457 3851 13⁰3,
467 3776 540 3835 luna
552 3774 660 3837 distitit
671 3798 688 3835 a
698 3779 839 3858 propiore
852 3779 933 3840 nodo
948 3780 1115 3861 plusquam
1127 3784 1240 3863 gradus
1256 3787 1296 3847 17
1312 3789 1361 3857 tlt

264 3868 303 3919 ut
316 3880 355 3919 ex
370 3860 466 3940 prima
476 3860 584 3921 tabells
597 3862 674 3921 inire
686 3863 799 3941 ecripts
812 3865 916 3943 liquet.
956 3884 1027 3945 ergo
1045 3878 1103 3929 eto.
1144 3878 1177 3929 et
1196 3868 1284 3929 adid
1299 3868 1360 3928 ‹lis-

263 3946 447 4009 cernendum
459 3946 570 4011 sufficit
582 3946 724 4009 edhibere
734 3949 900 4031 pleniluni·
912 3942 1020 4014 medie.
