3009 4900
396 325 475 392 Llu.
493 323 553 392 111.
604 325 973 396 mmououoclcuS.
1160 328 1238 400 797

82 491 333 572 dignationem
344 491 375 551 in
391 491 546 552 Catilinae
562 501 592 551 et
612 491 702 553 duces
715 500 835 565 eorum,
857 492 1191 572 propser-atrocissime
1203 495 1236 555 in

84 601 205 637 suam
238 589 356 652 gentem
378 579 516 653 iniurias,
537 595 699 656 numquam
719 581 781 638 sere
795 581 858 637 sine
876 579 986 638 indicio
1006 581 1236 659 perturbationis

87 684 144 721 ex
172 662 361 722 vehementi
381 664 450 722 odia
465 683 567 722 eorum
583 664 774 738 recordante,
794 665 922 743 ideoque
939 666 1114 742 imperfecte
1127 667 1237 725 delun-

89 757 209 826 gente
239 749 429 808 distinctione
448 758 479 807 et
499 749 693 828 explicatione
716 750 888 809 necessaria.
930 749 1001 808 lruic
1023 759 1061 809 ut
1080 770 1136 828 pro
1156 751 1237 811 virili

91 833 306 892 medeamur
319 834 517 908 incommodo,
537 835 702 912 ingratiam
716 835 836 894 lectoris
847 834 973 894 studiosi
988 835 1139 894 confusam
1150 837 1237 896 istam

95 919 299 994 congeriem
317 917 367 977 hio
384 920 536 992 evolvere,
564 930 595 979 et
613 919 821 997 chronologice
839 918 980 980 methodo
998 921 1059 979 suis
1075 929 1141 978 acta
1157 921 1237 980 eius-

98 1005 208 1062 modi
227 1012 259 1062 et
272 1013 378 1062 eventa
392 1003 506 1082 singule
525 1005 640 1082 alligare
655 1004 774 1084 epochis
787 1006 987 1084 aggredimur,
1007 1005 1093 1065 initio'
1109 1026 1127 1063 a
1141 1007 1235 1084 prima

18 1093 19 1168 J
100 1090 287 1148 Rontzerii
302 1099 332 1147 et
349 1090 556 1150 Catelanorum
571 1109 587 1148 e
602 1090 701 1150 Sicilia
714 1091 746 1150 in
759 1099 856 1150 terras
866 1090 1022 1152 Orientalis
1035 1091 1151 1170 imperii
1161 1109 1237 1152 ero*-

104 1175 250 1232 catione
267 1175 368 1234 ducto.
1285 1175 1289 1185 ’

214 1260 255 1322 ll.
303 1259 413 1318 Narrat
438 1258 459 1319 l.
484 1259 503 1322 5
531 1277 558 1324 cs
583 1264 624 1324 tr
646 1259 864 1338 Pechymercer
892 1260 1103 1340 impcrttorem
1128 1281 1237 1339 parum

18 1411 20 1422 ,
108 1343 276 1424 praesidii
297 1345 439 1403 adversus
451 1344 605 1403 Persarum
624 1343 859 1424 irruptiones‘in
871 1347 1037 1406 Orientalee
1049 1346 1165 1426 imperii
1185 1365 1238 1405 re·-

18 1499 20 1508 ,
111 1431 232 1507 gioncs
250 1431 282 1488 in
298 1431 431 1488 Romane
446 1429 549 1487 militie
564 1431 776 1507 reperientem,
797 1431 923 1509 ideoque
939 1433 1085 1511 respicere
1100 1439 1238 1492 coactum

113 1525 259 1575 externa
274 1515 393 1586 auxilia,
417 1515 544 1592 primum
561 1513 747 1574 Phorendam
763 1517 893 1576 'l'zimem
912 1536 980 1576 cum
992 1536 1085 1576 manu
1096 1517 1238 1592 militum,

117 1620 205 1678 quos
231 1619 249 1657 e
270 1600 326 1658 sibi
347 1599 474 1658 subditis
494 1610 676 1674 armaverat,
701 1603 851 1680 suppetiae
871 1602 954 1660 ultro
969 1602 1135 1662 venientem
1153 1611 1237 1680 grate

119 1686 299 1762 excepisse,
321 1705 356 1744 ac
373 1693 524 1763 practerea
540 1685 709 1746 ollercntem
727 1707 758 1744 se
772 1686 901 1746 aelidem
914 1707 968 1763 per
988 1687 1236 1754 literasliontre-

14 1769 18 1793 ²
120 1771 212 1830 rium
229 1769 335 1849 amplis
355 1769 575 1828 conditionibus
594 1771 750 1842 invitasse,
772 1773 880 1848 quibus
892 1771 943 1830 ille
960 1782 1114 1849 permotus
1132 1780 1235 1850 postea

124 1875 201 1914 cum
219 1875 327 1933 magno
343 1855 444 1916 navali
458 1855 591 1914 exercitu
603 1858 718 1916 venerit
731 1857 1026 1934 Constantinopolim.
1066 1857 1153 1916 istius
1167 1855 1236 1915 An*

15 1937 17 1972 ²
128 1941 294 2000 dronicum
312 1940 392 2000 iuter
406 1949 437 1999 et
453 1940 644 2000 llontzerium
661 1961 714 2021 per
734 1943 835 2000 literae
855 1942 984 2002 invicem
1000 1941 1126 2020 scriptae
1144 1942 1235 2001 initae

14 2048 18 2057 ·
128 2027 352 2104 stipulatusque
375 2027 579 2084 conventionis
596 2034 714 2106 tempus
734 2049 797 2086 non
813 2029 920 2086 diserte
938 2036 1077 2086 notatum
1098 2036 1234 2089 enostm

15 2136 17 2145 ⁸
128 2110 294 2187 historico,
317 2131 354 2169 ex
377 2129 481 2184 causa,
502 2130 561 2189 qua
579 2111 736 2171 inductum
751 2113 790 2172 ad
805 2131 869 2172 eam
882 2114 1089 2172 tractationem
1100 2113 1236 2174 Rontze-

130 2197 214 2255 rium
230 2197 288 2274 eit,
311 2195 506 2254 divinandum
528 2204 580 2254 est
622 2197 726 2256 scribit
738 2208 839 2257 autem
852 2198 903 2256 ille
915 2198 1109 2256 llonteerium
1125 2215 1164 2255 ex
1176 2196 1236 2255 mi-

14 2286 19 2320 ²
132 2281 187 2338 lite
211 2279 315 2358 templi
337 2291 404 2360 post
423 2291 537 2358 captam
557 2281 594 2338 eb
614 2280 808 2362 Aethiopibus
824 2280 903 2361 (boe
920 2291 967 2342 eet
986 2280 1140 2341 Sarecenis
1160 2280 1237 2341 duce

16 2382 21 2409 =
135 2365 260 2425 Sultens
277 2367 401 2444 Aegypti
423 2366 516 2424 lllelcc
536 2368 623 2426 Seras
637 2365 736 2447 dlcto)
756 2367 983 2441 Ptolemaidem,
1014 2367 1187 2426 ditissimum
1205 2375 1238 2426 et

16 2480 20 2499 ι
135 2453 362 2511 munitissimam
380 2452 483 2511 urbem
503 2451 677 2513 Phoeniciae
700 2453 802 2531 (quod
817 2474 895 2513 anno
913 2453 1025 2513 Christi
1038 2456 1118 2519 1291
1134 2452 1182 2511 die
1197 2455 1238 2517 18

136 2538 201 2613 rel,
223 2546 259 2596 ut
272 2537 319 2595 elii
327 2582 335 2611 ,
358 2540 396 2601 19
412 2538 482 2596 bleii
498 2538 652 2616 contigisse
666 2549 804 2598 accurate
816 2540 994 2618 Spondenus
1011 2539 1064 2598 illo
1083 2552 1163 2597 enno
1179 2537 1237 2597 do·
1255 2572 1260 2580 =

138 2632 185 2681 cet
204 2644 241 2681 cx
257 2623 452 2701 scriptoribus
468 2622 587 2683 illorum
605 2626 794 2704 temporum)
815 2644 907 2685 manu
927 2625 1051 2683 collecta
1064 2623 1121 2683 sibi
1140 2622 1238 2682 oboo-
1256 2656 1260 2666 ·

139 2708 272 2782 xiorum,
293 2718 498 2785 quaestuosum
515 2709 686 2784 aliquandiu
707 2728 762 2787 per
779 2710 829 2769 illa
843 2710 935 2768 marie
951 2709 1108 2786 piraticam
1124 2708 1238 2781 iecisse,

140 2794 286 2871 portisque
303 2794 415 2869 magnis
431 2794 536 2871 opibus
557 2793 662 2852 ducem
675 2794 735 2851 ism
752 2792 854 2851 classis
866 2793 981 2853 validae
992 2792 1145 2850 Friderico
1159 2792 1239 2849 Sici»

17 2929 18 2938 ,
142 2878 208 2937 lism
227 2878 371 2936 obtinenti
386 2876 638 2955 (Theuderichum
654 2874 736 2935 bunc
755 2896 909 2956 perperam
926 2873 1237 2953 rocatPechymeres)

17 3017 21 3025 .
143 2964 292 3023 militarem
315 2964 402 3040 longo
420 2973 552 3041 tempore
571 2961 642 3021 certi
656 2961 792 3041 pactione
807 2961 945 3041 stipendii
963 2980 1084 3039 operam
1100 2980 1235 3032 nauseat,
1253 2970 1342 3027 1²67ss

17 3081 21 3093 ·
144 3048 218 3107 bello
232 3047 311 3124 quod
329 3048 377 3105 ille
399 3048 541 3107 adversus
554 3046 704 3106 ecclesium
717 3047 834 3106 rebellis
847 3058 951 3107 centra
967 3047 1106 3107 Caroluur
1117 3046 1238 3124 gerebat

17 3168 21 3197 i
147 3132 261 3210 Apuliae
278 3151 385 3211 regem.
427 3142 577 3191 caeterum
593 3130 652 3191 lroc
664 3131 788 3191 tandem
800 3131 878 3191 bello
889 3132 1072 3211 nuptialibus
1088 3131 1238 3191 conditio·

17 3250 22 3285 ι
148 3220 228 3279 nibus
242 3218 398 3297 dirempto,
418 3219 525 3297 quibus
538 3217 692 3276 Ecaterina
705 3218 782 3296 regie
794 3218 892 3276 Ceroli
906 3217 968 3277 filia
980 3217 1055 3295 regis
1067 3216 1159 3277 Siculi
1172 3218 1236 3277 fra-
1278 3260 1284 3270 .

17 3352 28 3362 ,,
149 3304 185 3363 tn'
197 3304 333 3363 collocata
346 3304 400 3379 sit,
419 3303 611 3363 uonna-nm
626 3300 747 3363 haerere
762 3302 886 3381 amplius
898 3302 930 3361 in
945 3302 1043 3361 Sicilie
1056 3322 1119 3361 non
1130 3302 1237 3361 velen·

150 3398 213 3463 ten,
232 3388 311 3467 quod
323 3407 390 3447 eum
403 3390 554 3449 Romanus
569 3388 704 3468 pontifex
718 3386 787 3446 dedi
802 3388 857 3446 ribi
873 3386 1057 3467 puniendum
1073 3406 1090 3445 a
1103 3405 1171 3466 rege
1186 3388 1252 3447 si-·

152 3474 212 3535 culo
222 3474 372 3555 pascebat,
393 3484 514 3553 pactum
530 3473 567 3533 de
580 3493 639 3551 quo
655 3472 785 3533 diximm
796 3472 895 3532 iniisse
909 3492 977 3533 cum
994 3472 1176 3533 Andronico.
1228 3494 1232 3503 ¹

226 3560 271 3619 lll.
312 3563 358 3617 lta
371 3558 413 3618 ibi
428 3558 637 3638 Pachymcres,
657 3558 689 3617 in
708 3559 798 3618 rebus
816 3578 892 3636 quae
907 3558 945 3618 de
959 3558 1060 3637 adenis
1077 3558 1166 3619 terris
1185 3564 1251 3617 eut·

156 3645 275 3724 gentibus
292 3644 388 3703 obiter
404 3653 564 3719 memorat,
581 3663 635 3705 suo
649 3662 731 3703 more
750 3643 927 3705 balbutiens.
968 3644 1066 3703 voluit
1079 3645 1159 3704 enim
1173 3642 1238 3701 sine

158 3730 235 3789 dubio
251 3728 310 3789 illic
329 3730 462 3789 indicere
476 3748 577 3809 pacem
596 3730 706 3791 lactem
726 3748 806 3787 anno
822 3728 932 3789 Christi
946 3733 1029 3795 1302
1045 3729 1125 3789 inter
1141 3728 1238 3786 Caro-

156 3815 210 3873 lun
221 3832 313 3893 regern
323 3814 458 3894 Nespolis
471 3824 501 3872 et
515 3814 699 3874 Fridericum
714 3813 745 3872 in
759 3814 858 3873 Sicilie
872 3814 1084 3889 dominantem,
1104 3831 1163 3890 qus
1174 3832 1238 3871 non

158 3898 295 3957 Eceterina
311 3900 365 3959 sed
379 3900 523 3959 Eleonora
549 3898 625 3977 regis
650 3899 747 3959 Caroli
767 3899 845 3975 filia,
866 3920 927 3958 uon
948 3898 1036 3975 fratri
1053 3899 1130 3974 regie
1146 3896 1238 3957 Siculi

160 3976 203 4043 s'cd
212 3984 261 4062 ipsi
270 3985 423 4045 Friderieo
437 3985 581 4063 desponsa
594 3984 705 4044 coniux
721 3992 777 4059 est,
799 3993 893 4063 prout
904 3982 1073 4043 Fridericus
1086 3984 1149 4062 ipse
1160 3990 1239 4041 atte-

160 4076 239 4130 stetur
255 4070 286 4129 ia
304 4070 504 4131 instrumento
520 4070 722 4129 conventionis
740 4070 826 4129 istius
843 4069 960 4149 publice
980 4086 1034 4146 per
1047 4068 1144 4147 ipsam
1157 4066 1238 4129 edito

161 4152 193 4212 ad
204 4154 331 4215 (leonum
344 4156 463 4215 Novum
475 4154 523 4214 die
537 4158 576 4219 19
591 4156 698 4214 mensis
711 4156 836 4232 Augusti
850 4175 929 4214 anno
943 4152 1053 4213 Christi
1067 4158 1165 4227 1802,
1186 4153 1239 4211 in-

163 4238 270 4299 dictione
289 4242 347 4315 15,
369 4240 452 4319 quod
470 4249 569 4301 totum
589 4240 697 4301 recitet
717 4239 864 4300 Odoricus
887 4238 1050 4299 Raioaldus
1073 4237 1238 4315 eodnnali,

163 4324 228 4387 uode
245 4326 432 4387 manifestum
451 4334 499 4387 eet
516 4324 554 4384 sb
573 4325 625 4386 illo
647 4327 707 4387 ism
728 4332 862 4407 tempore
883 4324 1001 4387 institui
1020 4333 1160 4406 coeptam
1179 4342 1241 4385 cese
