<?xml version="1.0" encoding="UTF-8"?>
<!DOCTYPE html PUBLIC "-//W3C//DTD XHTML 1.0 Transitional//EN"
    "http://www.w3.org/TR/xhtml1/DTD/xhtml1-transitional.dtd">
<html xmlns="http://www.w3.org/1999/xhtml" xml:lang="en" lang="en">
 <head>
  <title>
</title>
<meta http-equiv="Content-Type" content="text/html;charset=utf-8" />
  <meta name='ocr-system' content='tesseract 3.04.00' />
  <meta name='ocr-capabilities' content='ocr_page ocr_carea ocr_par ocr_line ocrx_word'/>
</head>
<body>
  <div class='ocr_page' id='page_1' title='image "./corpusscriptoru69theogoog/corpusscriptoru69theogoog_0015.png"; bbox 0 0 3009 4900; ppageno 0'>
   <div class='ocr_carea' id='block_1_1' title="bbox 287 353 1084 428">
    <p class='ocr_par' dir='ltr' id='par_1_1' title="bbox 287 353 1084 428">
     <span class='ocr_line' id='line_1_1' title="bbox 287 353 1084 428; baseline -0.003 -2"><span class='ocrx_word' id='word_1_1' title='bbox 287 383 311 426; x_wconf 86' lang='lat' dir='ltr'>x</span> <span class='ocrx_word' id='word_1_2' title='bbox 583 357 621 424; x_wconf 86' lang='lat' dir='ltr'><strong>P.</strong></span> <span class='ocrx_word' id='word_1_3' title='bbox 647 354 813 424; x_wconf 87' lang='lat' dir='ltr'><strong>POSSlNl</strong></span> <span class='ocrx_word' id='word_1_4' title='bbox 837 353 1084 428; x_wconf 80' lang='lat' dir='ltr'><strong>PRAEFATIO.</strong></span> 
     </span>
    </p>
   </div>
   <div class='ocr_carea' id='block_1_2' title="bbox 285 524 1409 1343">
    <p class='ocr_par' dir='ltr' id='par_1_2' title="bbox 285 524 1409 1343">
     <span class='ocr_line' id='line_1_2' title="bbox 288 524 1408 622; baseline -0.01 -22"><span class='ocrx_word' id='word_1_5' title='bbox 288 553 381 622; x_wconf 81' lang='lat' dir='ltr'><strong>super</strong></span> <span class='ocrx_word' id='word_1_6' title='bbox 401 534 509 600; x_wconf 78' lang='lat' dir='ltr'><strong>serore</strong></span> <span class='ocrx_word' id='word_1_7' title='bbox 528 530 627 596; x_wconf 85' lang='lat' dir='ltr'><strong>nimio</strong></span> <span class='ocrx_word' id='word_1_8' title='bbox 646 530 681 595; x_wconf 87' lang='lat' dir='ltr'><strong>ia</strong></span> <span class='ocrx_word' id='word_1_9' title='bbox 699 541 803 618; x_wconf 82' lang='lat' dir='ltr'><strong>partes</strong></span> <span class='ocrx_word' id='word_1_10' title='bbox 822 527 883 594; x_wconf 90' lang='lat' dir='ltr'><strong>sibi</strong></span> <span class='ocrx_word' id='word_1_11' title='bbox 910 529 1002 594; x_wconf 82' lang='lat' dir='ltr'><strong>amici</strong></span> <span class='ocrx_word' id='word_1_12' title='bbox 1027 527 1157 594; x_wconf 86' lang='lat' dir='ltr'><strong>sanioris</strong></span> <span class='ocrx_word' id='word_1_13' title='bbox 1177 524 1325 595; x_wconf 80' lang='lat' dir='ltr'><strong>adversus</strong></span> <span class='ocrx_word' id='word_1_14' title='bbox 1346 525 1408 590; x_wconf 88' lang='lat' dir='ltr'><strong>in·-</strong></span> 
     </span>
     <span class='ocr_line' id='line_1_3' title="bbox 288 631 1407 715; baseline -0.005 -13"><span class='ocrx_word' id='word_1_15' title='bbox 288 639 411 702; x_wconf 87' lang='lat' dir='ltr'><strong>niorem</strong></span> <span class='ocrx_word' id='word_1_16' title='bbox 427 635 579 702; x_wconf 82' lang='lat' dir='ltr'><strong>declarato</strong></span> <span class='ocrx_word' id='word_1_17' title='bbox 600 632 823 715; x_wconf 77' lang='lat' dir='ltr'><strong>Andronicum,</strong></span> <span class='ocrx_word' id='word_1_18' title='bbox 849 631 952 698; x_wconf 90' lang='lat' dir='ltr'><strong>studio</strong></span> <span class='ocrx_word' id='word_1_19' title='bbox 971 653 1043 715; x_wconf 75' lang='lat' dir='ltr'><strong>erga</strong></span> <span class='ocrx_word' id='word_1_20' title='bbox 1062 632 1259 698; x_wconf 80' lang='lat' dir='ltr'><strong>Barlasmnm</strong></span> <span class='ocrx_word' id='word_1_21' title='bbox 1282 633 1407 696; x_wconf 87' lang='lat' dir='ltr'><strong>baere-</strong></span> 
     </span>
     <span class='ocr_line' id='line_1_4' title="bbox 287 711 1408 821; baseline -0.007 -15"><span class='ocrx_word' id='word_1_22' title='bbox 287 741 456 821; x_wconf 83' lang='lat' dir='ltr'><strong>aiarcham,</strong></span> <span class='ocrx_word' id='word_1_23' title='bbox 481 736 600 806; x_wconf 81' lang='lat' dir='ltr'><strong>invidia</strong></span> <span class='ocrx_word' id='word_1_24' title='bbox 622 738 766 804; x_wconf 72' lang='lat' dir='ltr'><strong>factionis</strong></span> <span class='ocrx_word' id='word_1_25' title='bbox 787 721 1033 821; x_wconf 75' lang='lat' dir='ltr'><strong>Acyndinianae,</strong></span> <span class='ocrx_word' id='word_1_26' title='bbox 1065 737 1150 800; x_wconf 84' lang='lat' dir='ltr'><strong>cuius</strong></span> <span class='ocrx_word' id='word_1_27' title='bbox 1172 747 1236 801; x_wconf 85' lang='lat' dir='ltr'><strong>erat</strong></span> <span class='ocrx_word' id='word_1_28' title='bbox 1254 711 1408 818; x_wconf 65' lang='lat' dir='ltr'><strong>signifer,</strong></span> 
     </span>
     <span class='ocr_line' id='line_1_5' title="bbox 288 838 1409 929; baseline -0.004 -21"><span class='ocrx_word' id='word_1_29' title='bbox 288 844 411 908; x_wconf 86' lang='lat' dir='ltr'><strong>licentia</strong></span> <span class='ocrx_word' id='word_1_30' title='bbox 434 839 623 907; x_wconf 84' lang='lat' dir='ltr'><strong>obtrectandi</strong></span> <span class='ocrx_word' id='word_1_31' title='bbox 641 841 828 929; x_wconf 87' lang='lat' dir='ltr'><strong>principibus</strong></span> <span class='ocrx_word' id='word_1_32' title='bbox 848 853 879 905; x_wconf 91' lang='lat' dir='ltr'><strong>et</strong></span> <span class='ocrx_word' id='word_1_33' title='bbox 897 841 1066 922; x_wconf 87' lang='lat' dir='ltr'><strong>monachis,</strong></span> <span class='ocrx_word' id='word_1_34' title='bbox 1091 838 1307 906; x_wconf 88' lang='lat' dir='ltr'><strong>indelebilibus</strong></span> <span class='ocrx_word' id='word_1_35' title='bbox 1323 859 1409 903; x_wconf 85' lang='lat' dir='ltr'><strong>me·</strong></span> 
     </span>
     <span class='ocr_line' id='line_1_6' title="bbox 285 943 1407 1034; baseline -0.005 -22"><span class='ocrx_word' id='word_1_36' title='bbox 285 947 380 1013; x_wconf 88' lang='lat' dir='ltr'><strong>ledici</strong></span> <span class='ocrx_word' id='word_1_37' title='bbox 399 967 436 1010; x_wconf 90' lang='lat' dir='ltr'><strong>ec</strong></span> <span class='ocrx_word' id='word_1_38' title='bbox 455 945 614 1011; x_wconf 90' lang='lat' dir='ltr'><strong>mendacis</strong></span> <span class='ocrx_word' id='word_1_39' title='bbox 634 947 674 1009; x_wconf 87' lang='lat' dir='ltr'><strong>ab</strong></span> <span class='ocrx_word' id='word_1_40' title='bbox 701 945 800 1032; x_wconf 90' lang='lat' dir='ltr'><strong>ipsius</strong></span> <span class='ocrx_word' id='word_1_41' title='bbox 819 945 940 1034; x_wconf 85' lang='lat' dir='ltr'><strong>aequali</strong></span> <span class='ocrx_word' id='word_1_42' title='bbox 961 943 1172 1010; x_wconf 82' lang='lat' dir='ltr'><strong>Cantecuseno</strong></span> <span class='ocrx_word' id='word_1_43' title='bbox 1200 943 1407 1025; x_wconf 73' lang='lat' dir='ltr'><strong>stigmatibus</strong></span> 
     </span>
     <span class='ocr_line' id='line_1_7' title="bbox 286 1045 1408 1135; baseline -0.007 -20"><span class='ocrx_word' id='word_1_44' title='bbox 286 1050 368 1116; x_wconf 88' lang='lat' dir='ltr'><strong>inuri</strong></span> <span class='ocrx_word' id='word_1_45' title='bbox 388 1051 535 1132; x_wconf 85' lang='lat' dir='ltr'><strong>meritos;</strong></span> <span class='ocrx_word' id='word_1_46' title='bbox 559 1047 691 1134; x_wconf 89' lang='lat' dir='ltr'><strong>denique</strong></span> <span class='ocrx_word' id='word_1_47' title='bbox 720 1069 829 1135; x_wconf 84' lang='lat' dir='ltr'><strong>parum</strong></span> <span class='ocrx_word' id='word_1_48' title='bbox 846 1049 942 1112; x_wconf 87' lang='lat' dir='ltr'><strong>etiam</strong></span> <span class='ocrx_word' id='word_1_49' title='bbox 961 1047 1172 1116; x_wconf 77' lang='lat' dir='ltr'><strong>Cantaurseno</strong></span> <span class='ocrx_word' id='word_1_50' title='bbox 1190 1045 1408 1112; x_wconf 82' lang='lat' dir='ltr'><strong>deferentium</strong></span> 
     </span>
     <span class='ocr_line' id='line_1_8' title="bbox 288 1149 1408 1239; baseline -0.005 -21"><span class='ocrx_word' id='word_1_51' title='bbox 288 1166 322 1218; x_wconf 88' lang='lat' dir='ltr'><strong>et</strong></span> <span class='ocrx_word' id='word_1_52' title='bbox 339 1153 507 1222; x_wconf 84' lang='lat' dir='ltr'><strong>liberorum</strong></span> <span class='ocrx_word' id='word_1_53' title='bbox 527 1152 615 1216; x_wconf 85' lang='lat' dir='ltr'><strong>omni</strong></span> <span class='ocrx_word' id='word_1_54' title='bbox 634 1149 820 1239; x_wconf 83' lang='lat' dir='ltr'><strong>praeiudicio</strong></span> <span class='ocrx_word' id='word_1_55' title='bbox 844 1153 995 1216; x_wconf 83' lang='lat' dir='ltr'><strong>lectonun</strong></span> <span class='ocrx_word' id='word_1_56' title='bbox 1016 1171 1112 1236; x_wconf 86' lang='lat' dir='ltr'><strong>aequa</strong></span> <span class='ocrx_word' id='word_1_57' title='bbox 1132 1149 1283 1216; x_wconf 85' lang='lat' dir='ltr'><strong>sententia</strong></span> <span class='ocrx_word' id='word_1_58' title='bbox 1303 1159 1408 1214; x_wconf 83' lang='lat' dir='ltr'><strong>note-</strong></span> 
     </span>
     <span class='ocr_line' id='line_1_9' title="bbox 287 1253 1408 1343; baseline -0.008 -18"><span class='ocrx_word' id='word_1_59' title='bbox 287 1258 379 1338; x_wconf 81' lang='lat' dir='ltr'><strong>bllis,</strong></span> <span class='ocrx_word' id='word_1_60' title='bbox 404 1255 489 1343; x_wconf 89' lang='lat' dir='ltr'><strong>quod</strong></span> <span class='ocrx_word' id='word_1_61' title='bbox 518 1255 579 1320; x_wconf 90' lang='lat' dir='ltr'><strong>sibl</strong></span> <span class='ocrx_word' id='word_1_62' title='bbox 599 1258 716 1318; x_wconf 81' lang='lat' dir='ltr'><strong>famam</strong></span> <span class='ocrx_word' id='word_1_63' title='bbox 737 1253 828 1334; x_wconf 86' lang='lat' dir='ltr'><strong>fidei,</strong></span> <span class='ocrx_word' id='word_1_64' title='bbox 854 1266 999 1341; x_wconf 84' lang='lat' dir='ltr'><strong>quaeest</strong></span> <span class='ocrx_word' id='word_1_65' title='bbox 1019 1257 1123 1318; x_wconf 86' lang='lat' dir='ltr'><strong>anima</strong></span> <span class='ocrx_word' id='word_1_66' title='bbox 1144 1253 1305 1334; x_wconf 72' lang='lat' dir='ltr'><strong>historiae,</strong></span> <span class='ocrx_word' id='word_1_67' title='bbox 1332 1273 1408 1316; x_wconf 90' lang='lat' dir='ltr'><strong>non</strong></span> 
     </span>
    </p>
   </div>
   <div class='ocr_carea' id='block_1_3' title="bbox 184 1355 1405 1448">
    <p class='ocr_par' dir='ltr' id='par_1_3' title="bbox 184 1355 1405 1448">
     <span class='ocr_line' id='line_1_10' title="bbox 184 1355 1405 1448; baseline -0.005 -22"><span class='ocrx_word' id='word_1_68' title='bbox 184 1383 194 1403; x_wconf 93' lang='lat'><strong>·</strong></span> <span class='ocrx_word' id='word_1_69' title='bbox 288 1361 364 1426; x_wconf 89' lang='lat' dir='ltr'><strong>estis</strong></span> <span class='ocrx_word' id='word_1_70' title='bbox 387 1359 508 1430; x_wconf 87' lang='lat' dir='ltr'><strong>solicite</strong></span> <span class='ocrx_word' id='word_1_71' title='bbox 529 1359 571 1424; x_wconf 91' lang='lat' dir='ltr'><strong>sit</strong></span> <span class='ocrx_word' id='word_1_72' title='bbox 595 1356 689 1423; x_wconf 82' lang='lat' dir='ltr'><strong>tuitus</strong></span> <span class='ocrx_word' id='word_1_73' title='bbox 710 1357 858 1424; x_wconf 86' lang='lat' dir='ltr'><strong>adversus</strong></span> <span class='ocrx_word' id='word_1_74' title='bbox 881 1357 978 1424; x_wconf 88' lang='lat' dir='ltr'><strong>iustas</strong></span> <span class='ocrx_word' id='word_1_75' title='bbox 1006 1357 1199 1448; x_wconf 76' lang='lat' dir='ltr'><strong>suspiciones</strong></span> <span class='ocrx_word' id='word_1_76' title='bbox 1220 1355 1298 1442; x_wconf 83' lang='lat' dir='ltr'><strong>styli</strong></span> <span class='ocrx_word' id='word_1_77' title='bbox 1317 1356 1405 1420; x_wconf 79' lang='lat' dir='ltr'><strong>aile-</strong></span> 
     </span>
    </p>
   </div>
   <div class='ocr_carea' id='block_1_4' title="bbox 251 1460 1405 1964">
    <p class='ocr_par' dir='ltr' id='par_1_4' title="bbox 251 1460 1405 1964">
     <span class='ocr_line' id='line_1_11' title="bbox 289 1460 872 1545; baseline -0.005 -16"><span class='ocrx_word' id='word_1_78' title='bbox 289 1464 387 1531; x_wconf 90' lang='lat' dir='ltr'><strong>ctibns</strong></span> <span class='ocrx_word' id='word_1_79' title='bbox 405 1461 539 1528; x_wconf 87' lang='lat' dir='ltr'><strong>obnoxii</strong></span> <span class='ocrx_word' id='word_1_80' title='bbox 557 1474 590 1526; x_wconf 93' lang='lat' dir='ltr'><strong>et</strong></span> <span class='ocrx_word' id='word_1_81' title='bbox 608 1461 725 1545; x_wconf 76' lang='lat' dir='ltr'><strong>ingenii</strong></span> <span class='ocrx_word' id='word_1_82' title='bbox 743 1460 872 1534; x_wconf 80' lang='lat' dir='ltr'><strong>venalis.</strong></span> 
     </span>
     <span class='ocr_line' id='line_1_12' title="bbox 251 1554 1405 1648; baseline -0.005 -17"><span class='ocrx_word' id='word_1_83' title='bbox 251 1554 253 1559; x_wconf 55' lang='grc'>’</span> <span class='ocrx_word' id='word_1_84' title='bbox 393 1564 454 1633; x_wconf 88' lang='lat' dir='ltr'><strong>v1.</strong></span> <span class='ocrx_word' id='word_1_85' title='bbox 511 1565 643 1630; x_wconf 85' lang='lat' dir='ltr'><strong>Unicum</strong></span> <span class='ocrx_word' id='word_1_86' title='bbox 680 1586 753 1648; x_wconf 81' lang='lat' dir='ltr'><strong>ergo</strong></span> <span class='ocrx_word' id='word_1_87' title='bbox 785 1561 949 1629; x_wconf 80' lang='lat' dir='ltr'><strong>Andronici</strong></span> <span class='ocrx_word' id='word_1_88' title='bbox 981 1573 1119 1630; x_wconf 82' lang='lat' dir='ltr'><strong>ectonrnr</strong></span> <span class='ocrx_word' id='word_1_89' title='bbox 1148 1573 1262 1630; x_wconf 86' lang='lat' dir='ltr'><strong>testem</strong></span> <span class='ocrx_word' id='word_1_90' title='bbox 1297 1563 1405 1644; x_wconf 91' lang='lat' dir='ltr'><strong>hunc,</strong></span> 
     </span>
     <span class='ocr_line' id='line_1_13' title="bbox 291 1666 1404 1760; baseline -0.004 -26"><span class='ocrx_word' id='word_1_91' title='bbox 291 1666 428 1760; x_wconf 87' lang='lat' dir='ltr'><strong>prudens</strong></span> <span class='ocrx_word' id='word_1_92' title='bbox 454 1671 564 1750; x_wconf 90' lang='lat' dir='ltr'><strong>lector,</strong></span> <span class='ocrx_word' id='word_1_93' title='bbox 590 1671 671 1732; x_wconf 83' lang='lat' dir='ltr'><strong>habe</strong></span> <span class='ocrx_word' id='word_1_94' title='bbox 689 1667 838 1733; x_wconf 90' lang='lat' dir='ltr'><strong>idoneum</strong></span> <span class='ocrx_word' id='word_1_95' title='bbox 862 1667 1105 1752; x_wconf 70' lang='lat' dir='ltr'><strong>Pechymeremr</strong></span> <span class='ocrx_word' id='word_1_96' title='bbox 1130 1689 1188 1731; x_wconf 89' lang='lat' dir='ltr'><strong>nec</strong></span> <span class='ocrx_word' id='word_1_97' title='bbox 1207 1677 1312 1731; x_wconf 86' lang='lat' dir='ltr'><strong>metue</strong></span> <span class='ocrx_word' id='word_1_98' title='bbox 1325 1685 1404 1754; x_wconf 90' lang='lat' dir='ltr'><strong>per-</strong></span> 
     </span>
     <span class='ocr_line' id='line_1_14' title="bbox 291 1769 1402 1861; baseline -0.006 -21"><span class='ocrx_word' id='word_1_99' title='bbox 291 1774 407 1840; x_wconf 89' lang='lat' dir='ltr'><strong>nicicm</strong></span> <span class='ocrx_word' id='word_1_100' title='bbox 431 1793 510 1861; x_wconf 85' lang='lat' dir='ltr'><strong>quae</strong></span> <span class='ocrx_word' id='word_1_101' title='bbox 539 1772 755 1837; x_wconf 77' lang='lat' dir='ltr'><strong>crematione</strong></span> <span class='ocrx_word' id='word_1_102' title='bbox 776 1772 913 1836; x_wconf 79' lang='lat' dir='ltr'><strong>felicium</strong></span> <span class='ocrx_word' id='word_1_103' title='bbox 940 1774 1096 1836; x_wconf 89' lang='lat' dir='ltr'><strong>scelerum·</strong></span> <span class='ocrx_word' id='word_1_104' title='bbox 1119 1769 1256 1838; x_wconf 82' lang='lat' dir='ltr'><strong>cavenda</strong></span> <span class='ocrx_word' id='word_1_105' title='bbox 1283 1769 1402 1834; x_wconf 85' lang='lat' dir='ltr'><strong>merito</strong></span> 
     </span>
     <span class='ocr_line' id='line_1_15' title="bbox 292 1874 1403 1964; baseline -0.003 -24"><span class='ocrx_word' id='word_1_106' title='bbox 292 1877 464 1960; x_wconf 82' lang='lat' dir='ltr'><strong>legentibus</strong></span> <span class='ocrx_word' id='word_1_107' title='bbox 488 1875 716 1964; x_wconf 74' lang='lat' dir='ltr'><strong>praescribitur,</strong></span> <span class='ocrx_word' id='word_1_108' title='bbox 741 1898 782 1941; x_wconf 91' lang='lat' dir='ltr'><strong>ne</strong></span> <span class='ocrx_word' id='word_1_109' title='bbox 802 1874 842 1940; x_wconf 88' lang='lat' dir='ltr'><strong>ad</strong></span> <span class='ocrx_word' id='word_1_110' title='bbox 862 1875 1070 1942; x_wconf 86' lang='lat' dir='ltr'><strong>imitationem</strong></span> <span class='ocrx_word' id='word_1_111' title='bbox 1088 1875 1228 1940; x_wconf 86' lang='lat' dir='ltr'><strong>incautos</strong></span> <span class='ocrx_word' id='word_1_112' title='bbox 1246 1875 1403 1944; x_wconf 78' lang='lat' dir='ltr'><strong>ellectent.</strong></span> 
     </span>
    </p>
   </div>
   <div class='ocr_carea' id='block_1_5' title="bbox 163 1975 1401 2064">
    <p class='ocr_par' dir='ltr' id='par_1_5' title="bbox 163 1975 1401 2064">
     <span class='ocr_line' id='line_1_16' title="bbox 163 1975 1401 2064; baseline -0.006 -17"><span class='ocrx_word' id='word_1_113' title='bbox 163 1994 171 2009; x_wconf 84' lang='lat'>&#39;</span> <span class='ocrx_word' id='word_1_114' title='bbox 293 2001 409 2064; x_wconf 84' lang='lat' dir='ltr'><strong>magna</strong></span> <span class='ocrx_word' id='word_1_115' title='bbox 429 1979 480 2044; x_wconf 91' lang='lat' dir='ltr'><strong>hic</strong></span> <span class='ocrx_word' id='word_1_116' title='bbox 502 1979 667 2044; x_wconf 79' lang='lat' dir='ltr'><strong>Andronici</strong></span> <span class='ocrx_word' id='word_1_117' title='bbox 690 1979 839 2062; x_wconf 87' lang='lat' dir='ltr'><strong>senioris,</strong></span> <span class='ocrx_word' id='word_1_118' title='bbox 872 1977 928 2044; x_wconf 92' lang='lat' dir='ltr'><strong>sed</strong></span> <span class='ocrx_word' id='word_1_119' title='bbox 950 1976 1103 2046; x_wconf 75' lang='lat' dir='ltr'><strong>vindictae</strong></span> <span class='ocrx_word' id='word_1_120' title='bbox 1128 1979 1206 2044; x_wconf 87' lang='lat' dir='ltr'><strong>acris</strong></span> <span class='ocrx_word' id='word_1_121' title='bbox 1235 1999 1292 2042; x_wconf 90' lang='lat' dir='ltr'><strong>nec</strong></span> <span class='ocrx_word' id='word_1_122' title='bbox 1317 1975 1401 2040; x_wconf 84' lang='lat' dir='ltr'><strong>dila-</strong></span> 
     </span>
    </p>
   </div>
   <div class='ocr_carea' id='block_1_6' title="bbox 285 2081 1401 3115">
    <p class='ocr_par' dir='ltr' id='par_1_6' title="bbox 285 2081 1401 3115">
     <span class='ocr_line' id='line_1_17' title="bbox 295 2081 1400 2172; baseline -0.007 -24"><span class='ocrx_word' id='word_1_123' title='bbox 295 2095 346 2148; x_wconf 88' lang='lat' dir='ltr'><strong>tee</strong></span> <span class='ocrx_word' id='word_1_124' title='bbox 364 2083 519 2172; x_wconf 77' lang='lat' dir='ltr'><strong>praesenti</strong></span> <span class='ocrx_word' id='word_1_125' title='bbox 543 2085 631 2150; x_wconf 82' lang='lat' dir='ltr'><strong>velut</strong></span> <span class='ocrx_word' id='word_1_126' title='bbox 656 2082 812 2165; x_wconf 87' lang='lat' dir='ltr'><strong>antidoto,</strong></span> <span class='ocrx_word' id='word_1_127' title='bbox 846 2085 931 2148; x_wconf 90' lang='lat' dir='ltr'><strong>nullo</strong></span> <span class='ocrx_word' id='word_1_128' title='bbox 958 2081 1023 2146; x_wconf 82' lang='lat' dir='ltr'><strong>iam</strong></span> <span class='ocrx_word' id='word_1_129' title='bbox 1050 2081 1187 2170; x_wconf 90' lang='lat' dir='ltr'><strong>periculo</strong></span> <span class='ocrx_word' id='word_1_130' title='bbox 1208 2099 1400 2164; x_wconf 63' lang='lat' dir='ltr'><strong>cognoscen-</strong></span> 
     </span>
     <span class='ocr_line' id='line_1_18' title="bbox 293 2183 1401 2274; baseline -0.004 -24"><span class='ocrx_word' id='word_1_131' title='bbox 293 2187 392 2266; x_wconf 89' lang='lat' dir='ltr'><strong>tium,</strong></span> <span class='ocrx_word' id='word_1_132' title='bbox 415 2186 541 2250; x_wconf 89' lang='lat' dir='ltr'><strong>crimina</strong></span> <span class='ocrx_word' id='word_1_133' title='bbox 562 2184 741 2274; x_wconf 87' lang='lat' dir='ltr'><strong>prodantur.</strong></span> <span class='ocrx_word' id='word_1_134' title='bbox 793 2186 955 2252; x_wconf 80' lang='lat' dir='ltr'><strong>exhibetur</strong></span> <span class='ocrx_word' id='word_1_135' title='bbox 974 2185 1003 2248; x_wconf 90' lang='lat' dir='ltr'><strong>is</strong></span> <span class='ocrx_word' id='word_1_136' title='bbox 1023 2185 1227 2268; x_wconf 73' lang='lat' dir='ltr'><strong>foedifragus,</strong></span> <span class='ocrx_word' id='word_1_137' title='bbox 1253 2183 1401 2272; x_wconf 65' lang='lat' dir='ltr'><strong>perduel-</strong></span> 
     </span>
     <span class='ocr_line' id='line_1_19' title="bbox 292 2275 1401 2371; baseline -0.005 -16"><span class='ocrx_word' id='word_1_138' title='bbox 292 2291 335 2355; x_wconf 90' lang='lat' dir='ltr'><strong>lis</strong></span> <span class='ocrx_word' id='word_1_139' title='bbox 365 2288 478 2356; x_wconf 83' lang='lat' dir='ltr'><strong>Christi</strong></span> <span class='ocrx_word' id='word_1_140' title='bbox 504 2289 636 2371; x_wconf 74' lang='lat' dir='ltr'><strong>vicario,</strong></span> <span class='ocrx_word' id='word_1_141' title='bbox 669 2302 854 2371; x_wconf 79' lang='lat' dir='ltr'><strong>contumax,</strong></span> <span class='ocrx_word' id='word_1_142' title='bbox 886 2275 1143 2370; x_wconf 65' lang='lat' dir='ltr'><strong>contumeliosis,</strong></span> <span class='ocrx_word' id='word_1_143' title='bbox 1174 2288 1401 2371; x_wconf 81' lang='lat' dir='ltr'><strong>ingratissimus</strong></span> 
     </span>
     <span class='ocr_line' id='line_1_20' title="bbox 291 2390 1399 2481; baseline -0.005 -22"><span class='ocrx_word' id='word_1_144' title='bbox 291 2393 439 2459; x_wconf 67' lang='lat' dir='ltr'><strong>ecclesiae</strong></span> <span class='ocrx_word' id='word_1_145' title='bbox 461 2394 649 2481; x_wconf 86' lang='lat' dir='ltr'><strong>apostolicae</strong></span> <span class='ocrx_word' id='word_1_146' title='bbox 675 2391 855 2462; x_wconf 83' lang='lat' dir='ltr'><strong>Romanser</strong></span> <span class='ocrx_word' id='word_1_147' title='bbox 881 2390 938 2458; x_wconf 88' lang='lat' dir='ltr'><strong>aed</strong></span> <span class='ocrx_word' id='word_1_148' title='bbox 960 2403 992 2458; x_wconf 91' lang='lat' dir='ltr'><strong>et</strong></span> <span class='ocrx_word' id='word_1_149' title='bbox 1020 2393 1165 2461; x_wconf 88' lang='lat' dir='ltr'><strong>continuo</strong></span> <span class='ocrx_word' id='word_1_150' title='bbox 1187 2390 1273 2461; x_wconf 85' lang='lat' dir='ltr'><strong>idem</strong></span> <span class='ocrx_word' id='word_1_151' title='bbox 1292 2403 1399 2457; x_wconf 85' lang='lat' dir='ltr'><strong>ostan-</strong></span> 
     </span>
     <span class='ocr_line' id='line_1_21' title="bbox 291 2482 1399 2585; baseline -0.005 -23"><span class='ocrx_word' id='word_1_152' title='bbox 291 2496 373 2563; x_wconf 90' lang='lat' dir='ltr'><strong>ditor</strong></span> <span class='ocrx_word' id='word_1_153' title='bbox 391 2494 693 2585; x_wconf 85' lang='lat' dir='ltr'><strong>imprudentissimos</strong></span> <span class='ocrx_word' id='word_1_154' title='bbox 702 2496 735 2559; x_wconf 92' lang='lat' dir='ltr'><strong>in</strong></span> <span class='ocrx_word' id='word_1_155' title='bbox 748 2496 836 2561; x_wconf 89' lang='lat' dir='ltr'><strong>omni</strong></span> <span class='ocrx_word' id='word_1_156' title='bbox 850 2482 996 2577; x_wconf 71' lang='lat' dir='ltr'><strong>i&#39;onsdio,</strong></span> <span class='ocrx_word' id='word_1_157' title='bbox 1020 2495 1250 2561; x_wconf 84' lang='lat' dir='ltr'><strong>inleh&#39;cissimus</strong></span> <span class='ocrx_word' id='word_1_158' title='bbox 1262 2494 1296 2557; x_wconf 93' lang='lat' dir='ltr'><strong>in</strong></span> <span class='ocrx_word' id='word_1_159' title='bbox 1310 2492 1399 2558; x_wconf 88' lang='lat' dir='ltr'><strong>omni</strong></span> 
     </span>
     <span class='ocr_line' id='line_1_22' title="bbox 290 2595 1398 2689; baseline -0.005 -24"><span class='ocrx_word' id='word_1_160' title='bbox 290 2612 421 2689; x_wconf 77' lang='lat' dir='ltr'><strong>coept03</strong></span> <span class='ocrx_word' id='word_1_161' title='bbox 445 2600 523 2663; x_wconf 89' lang='lat' dir='ltr'><strong>nulli</strong></span> <span class='ocrx_word' id='word_1_162' title='bbox 541 2599 684 2687; x_wconf 76' lang='lat' dir='ltr'><strong>quamvis</strong></span> <span class='ocrx_word' id='word_1_163' title='bbox 704 2600 861 2667; x_wconf 90' lang='lat' dir='ltr'><strong>imbecillo</strong></span> <span class='ocrx_word' id='word_1_164' title='bbox 880 2620 945 2664; x_wconf 87' lang='lat' dir='ltr'><strong>non</strong></span> <span class='ocrx_word' id='word_1_165' title='bbox 966 2602 1165 2667; x_wconf 85' lang='lat' dir='ltr'><strong>succumbens</strong></span> <span class='ocrx_word' id='word_1_166' title='bbox 1191 2598 1293 2679; x_wconf 85' lang='lat' dir='ltr'><strong>hosti,</strong></span> <span class='ocrx_word' id='word_1_167' title='bbox 1320 2595 1398 2660; x_wconf 87' lang='lat' dir='ltr'><strong>nulli</strong></span> 
     </span>
     <span class='ocr_line' id='line_1_23' title="bbox 291 2700 1397 2791; baseline -0.003 -23"><span class='ocrx_word' id='word_1_168' title='bbox 291 2726 357 2769; x_wconf 91' lang='lat' dir='ltr'><strong>non</strong></span> <span class='ocrx_word' id='word_1_169' title='bbox 388 2700 557 2768; x_wconf 88' lang='lat' dir='ltr'><strong>ludibrium</strong></span> <span class='ocrx_word' id='word_1_170' title='bbox 595 2701 752 2768; x_wconf 84' lang='lat' dir='ltr'><strong>adversari</strong></span> <span class='ocrx_word' id='word_1_171' title='bbox 786 2724 863 2769; x_wconf 90' lang='lat' dir='ltr'><strong>auso</strong></span> <span class='ocrx_word' id='word_1_172' title='bbox 901 2704 1069 2791; x_wconf 75' lang='lat' dir='ltr'><strong>preebena3</strong></span> <span class='ocrx_word' id='word_1_173' title='bbox 1107 2703 1235 2789; x_wconf 89' lang='lat' dir='ltr'><strong>impune</strong></span> <span class='ocrx_word' id='word_1_174' title='bbox 1273 2720 1397 2787; x_wconf 85' lang='lat' dir='ltr'><strong>semper</strong></span> 
     </span>
     <span class='ocr_line' id='line_1_24' title="bbox 292 2802 1397 2895; baseline -0.005 -22"><span class='ocrx_word' id='word_1_175' title='bbox 292 2818 507 2895; x_wconf 85' lang='lat' dir='ltr'><strong>contemptus,</strong></span> <span class='ocrx_word' id='word_1_176' title='bbox 530 2826 602 2872; x_wconf 85' lang='lat' dir='ltr'><strong>cum</strong></span> <span class='ocrx_word' id='word_1_177' title='bbox 623 2808 707 2871; x_wconf 91' lang='lat' dir='ltr'><strong>lucro</strong></span> <span class='ocrx_word' id='word_1_178' title='bbox 729 2806 854 2889; x_wconf 72' lang='lat' dir='ltr'><strong>irrisusr</strong></span> <span class='ocrx_word' id='word_1_179' title='bbox 881 2806 966 2871; x_wconf 86' lang='lat' dir='ltr'><strong>cuius</strong></span> <span class='ocrx_word' id='word_1_180' title='bbox 993 2806 1098 2871; x_wconf 87' lang='lat' dir='ltr'><strong>minse</strong></span> <span class='ocrx_word' id='word_1_181' title='bbox 1116 2806 1237 2875; x_wconf 85' lang='lat' dir='ltr'><strong>nullum</strong></span> <span class='ocrx_word' id='word_1_182' title='bbox 1266 2802 1397 2893; x_wconf 90' lang='lat' dir='ltr'><strong>pondus,</strong></span> 
     </span>
     <span class='ocr_line' id='line_1_25' title="bbox 292 2906 1397 2991; baseline -0.007 -12"><span class='ocrx_word' id='word_1_183' title='bbox 292 2913 412 2979; x_wconf 76' lang='lat' dir='ltr'><strong>nutam</strong></span> <span class='ocrx_word' id='word_1_184' title='bbox 436 2910 638 2975; x_wconf 88' lang='lat' dir='ltr'><strong>constantiam</strong></span> <span class='ocrx_word' id='word_1_185' title='bbox 658 2909 794 2991; x_wconf 86' lang='lat' dir='ltr'><strong>decreta,</strong></span> <span class='ocrx_word' id='word_1_186' title='bbox 814 2911 932 2975; x_wconf 87' lang='lat' dir='ltr'><strong>nullam</strong></span> <span class='ocrx_word' id='word_1_187' title='bbox 952 2906 1047 2976; x_wconf 83' lang='lat' dir='ltr'><strong>iidem</strong></span> <span class='ocrx_word' id='word_1_188' title='bbox 1069 2910 1181 2990; x_wconf 75' lang='lat' dir='ltr'><strong>vebs,</strong></span> <span class='ocrx_word' id='word_1_189' title='bbox 1201 2909 1322 2973; x_wconf 91' lang='lat' dir='ltr'><strong>nullunr</strong></span> <span class='ocrx_word' id='word_1_190' title='bbox 1341 2906 1397 2972; x_wconf 85' lang='lat' dir='ltr'><strong>de-</strong></span> 
     </span>
     <span class='ocr_line' id='line_1_26' title="bbox 285 3010 1397 3115; baseline -0.002 -38"><span class='ocrx_word' id='word_1_191' title='bbox 285 3013 407 3115; x_wconf 68' lang='lat' dir='ltr'><strong>piderie</strong></span> <span class='ocrx_word' id='word_1_192' title='bbox 431 3034 607 3079; x_wconf 87' lang='lat' dir='ltr'><strong>successum</strong></span> <span class='ocrx_word' id='word_1_193' title='bbox 634 3013 815 3097; x_wconf 78' lang='lat' dir='ltr'><strong>habuerint3</strong></span> <span class='ocrx_word' id='word_1_194' title='bbox 843 3016 953 3079; x_wconf 87' lang='lat' dir='ltr'><strong>umbre</strong></span> <span class='ocrx_word' id='word_1_195' title='bbox 972 3011 1185 3101; x_wconf 86' lang='lat' dir='ltr'><strong>imperatoris,</strong></span> <span class='ocrx_word' id='word_1_196' title='bbox 1205 3014 1291 3078; x_wconf 86' lang='lat' dir='ltr'><strong>larra</strong></span> <span class='ocrx_word' id='word_1_197' title='bbox 1310 3010 1397 3099; x_wconf 87' lang='lat' dir='ltr'><strong>prin-</strong></span> 
     </span>
    </p>
   </div>
   <div class='ocr_carea' id='block_1_7' title="bbox 148 3112 1396 3205">
    <p class='ocr_par' dir='ltr' id='par_1_7' title="bbox 148 3112 1396 3205">
     <span class='ocr_line' id='line_1_27' title="bbox 148 3112 1396 3205; baseline 0 -27"><span class='ocrx_word' id='word_1_198' title='bbox 148 3118 163 3153; x_wconf 55' lang='lat'>*</span> <span class='ocrx_word' id='word_1_199' title='bbox 297 3116 395 3203; x_wconf 86' lang='lat' dir='ltr'><strong>cipis,</strong></span> <span class='ocrx_word' id='word_1_200' title='bbox 417 3136 529 3205; x_wconf 89' lang='lat' dir='ltr'><strong>scopus</strong></span> <span class='ocrx_word' id='word_1_201' title='bbox 548 3116 640 3181; x_wconf 89' lang='lat' dir='ltr'><strong>sortis</strong></span> <span class='ocrx_word' id='word_1_202' title='bbox 662 3116 827 3198; x_wconf 84' lang='lat' dir='ltr'><strong>adversae,</strong></span> <span class='ocrx_word' id='word_1_203' title='bbox 852 3114 1024 3182; x_wconf 80' lang='lat' dir='ltr'><strong>foecundus</strong></span> <span class='ocrx_word' id='word_1_204' title='bbox 1044 3117 1079 3180; x_wconf 90' lang='lat' dir='ltr'><strong>in</strong></span> <span class='ocrx_word' id='word_1_205' title='bbox 1103 3136 1194 3181; x_wconf 86' lang='lat' dir='ltr'><strong>suum</strong></span> <span class='ocrx_word' id='word_1_206' title='bbox 1214 3112 1345 3181; x_wconf 87' lang='lat' dir='ltr'><strong>dedecus</strong></span> <span class='ocrx_word' id='word_1_207' title='bbox 1360 3135 1396 3179; x_wconf 87' lang='lat' dir='ltr'><strong>ac</strong></span> 
     </span>
    </p>
   </div>
   <div class='ocr_carea' id='block_1_8' title="bbox 296 3217 1394 3309">
    <p class='ocr_par' dir='ltr' id='par_1_8' title="bbox 296 3217 1394 3309">
     <span class='ocr_line' id='line_1_28' title="bbox 296 3217 1394 3309; baseline -0.004 -24"><span class='ocrx_word' id='word_1_208' title='bbox 296 3219 464 3301; x_wconf 87' lang='lat' dir='ltr'><strong>damnum,</strong></span> <span class='ocrx_word' id='word_1_209' title='bbox 495 3221 665 3303; x_wconf 73' lang='lat' dir='ltr'><strong>longaevus</strong></span> <span class='ocrx_word' id='word_1_210' title='bbox 687 3218 728 3287; x_wconf 86' lang='lat' dir='ltr'><strong>ad</strong></span> <span class='ocrx_word' id='word_1_211' title='bbox 751 3220 987 3309; x_wconf 82' lang='lat' dir='ltr'><strong>perpetuitatem</strong></span> <span class='ocrx_word' id='word_1_212' title='bbox 1014 3218 1176 3303; x_wconf 62' lang='lat' dir='ltr'><strong>missum</strong></span> <span class='ocrx_word' id='word_1_213' title='bbox 1199 3217 1349 3306; x_wconf 86' lang='lat' dir='ltr'><strong>denique,</strong></span> <span class='ocrx_word' id='word_1_214' title='bbox 1375 3238 1394 3281; x_wconf 90' lang='lat' dir='ltr'><strong>a</strong></span> 
     </span>
    </p>
   </div>
   <div class='ocr_carea' id='block_1_9' title="bbox 161 3318 1395 3413">
    <p class='ocr_par' dir='ltr' id='par_1_9' title="bbox 161 3318 1395 3413">
     <span class='ocr_line' id='line_1_29' title="bbox 161 3318 1395 3413; baseline -0.015 -9"><span class='ocrx_word' id='word_1_215' title='bbox 161 3324 165 3332; x_wconf 51' lang='lat'>¹</span> <span class='ocrx_word' id='word_1_216' title='bbox 261 3331 269 3348; x_wconf 86' lang='lat'>&#39;</span> <span class='ocrx_word' id='word_1_217' title='bbox 297 3344 361 3413; x_wconf 75' lang='lat'><strong>(1¹¹0</strong></span> <span class='ocrx_word' id='word_1_218' title='bbox 375 3322 605 3397; x_wconf 53' lang='lat' dir='ltr'><strong>inclinationem</strong></span> <span class='ocrx_word' id='word_1_219' title='bbox 621 3322 763 3393; x_wconf 82' lang='lat' dir='ltr'><strong>nltimam</strong></span> <span class='ocrx_word' id='word_1_220' title='bbox 779 3322 819 3388; x_wconf 89' lang='lat' dir='ltr'><strong>ad</strong></span> <span class='ocrx_word' id='word_1_221' title='bbox 841 3324 970 3389; x_wconf 79' lang='lat' dir='ltr'><strong>esitium</strong></span> <span class='ocrx_word' id='word_1_222' title='bbox 990 3323 1189 3411; x_wconf 85' lang='lat' dir='ltr'><strong>irreparabile</strong></span> <span class='ocrx_word' id='word_1_223' title='bbox 1209 3321 1325 3406; x_wconf 80' lang='lat' dir='ltr'><strong>inclyto</strong></span> <span class='ocrx_word' id='word_1_224' title='bbox 1340 3318 1395 3387; x_wconf 76' lang='lat' dir='ltr'><strong>de·</strong></span> 
     </span>
    </p>
   </div>
   <div class='ocr_carea' id='block_1_10' title="bbox 294 3424 1394 4117">
    <p class='ocr_par' dir='ltr' id='par_1_10' title="bbox 294 3424 1394 4117">
     <span class='ocr_line' id='line_1_30' title="bbox 297 3424 1394 3515; baseline -0.004 -22"><span class='ocrx_word' id='word_1_225' title='bbox 297 3450 368 3493; x_wconf 90' lang='lat' dir='ltr'><strong>oem</strong></span> <span class='ocrx_word' id='word_1_226' title='bbox 390 3426 521 3493; x_wconf 85' lang='lat' dir='ltr'><strong>saeculis</strong></span> <span class='ocrx_word' id='word_1_227' title='bbox 537 3448 640 3495; x_wconf 84' lang='lat' dir='ltr'><strong>norae</strong></span> <span class='ocrx_word' id='word_1_228' title='bbox 659 3426 781 3495; x_wconf 84' lang='lat' dir='ltr'><strong>Romae</strong></span> <span class='ocrx_word' id='word_1_229' title='bbox 801 3426 934 3515; x_wconf 86' lang='lat' dir='ltr'><strong>imperio</strong></span> <span class='ocrx_word' id='word_1_230' title='bbox 951 3425 1055 3492; x_wconf 83' lang='lat' dir='ltr'><strong>datam</strong></span> <span class='ocrx_word' id='word_1_231' title='bbox 1073 3426 1176 3492; x_wconf 90' lang='lat' dir='ltr'><strong>omnis</strong></span> <span class='ocrx_word' id='word_1_232' title='bbox 1201 3424 1268 3490; x_wconf 89' lang='lat' dir='ltr'><strong>iure</strong></span> <span class='ocrx_word' id='word_1_233' title='bbox 1288 3424 1394 3513; x_wconf 91' lang='lat' dir='ltr'><strong>deplo-</strong></span> 
     </span>
     <span class='ocr_line' id='line_1_31' title="bbox 295 3526 1393 3619; baseline -0.007 -20"><span class='ocrx_word' id='word_1_234' title='bbox 295 3551 371 3599; x_wconf 77' lang='lat' dir='ltr'><strong>rans</strong></span> <span class='ocrx_word' id='word_1_235' title='bbox 389 3541 423 3596; x_wconf 94' lang='lat' dir='ltr'><strong>et</strong></span> <span class='ocrx_word' id='word_1_236' title='bbox 441 3529 597 3596; x_wconf 89' lang='lat' dir='ltr'><strong>detestans</strong></span> <span class='ocrx_word' id='word_1_237' title='bbox 627 3532 790 3619; x_wconf 85' lang='lat' dir='ltr'><strong>posteritas</strong></span> <span class='ocrx_word' id='word_1_238' title='bbox 819 3542 968 3619; x_wconf 71' lang='lat' dir='ltr'><strong>queretur.</strong></span> <span class='ocrx_word' id='word_1_239' title='bbox 1018 3531 1113 3612; x_wconf 87' lang='lat' dir='ltr'><strong>heac,</strong></span> <span class='ocrx_word' id='word_1_240' title='bbox 1142 3526 1270 3593; x_wconf 84' lang='lat' dir='ltr'><strong>candide</strong></span> <span class='ocrx_word' id='word_1_241' title='bbox 1291 3531 1393 3609; x_wconf 87' lang='lat' dir='ltr'><strong>lector,</strong></span> 
     </span>
     <span class='ocr_line' id='line_1_32' title="bbox 295 3630 1392 3723; baseline -0.006 -22"><span class='ocrx_word' id='word_1_242' title='bbox 295 3646 488 3701; x_wconf 82' lang='lat' dir='ltr'><strong>occurrerunt</strong></span> <span class='ocrx_word' id='word_1_243' title='bbox 513 3656 591 3721; x_wconf 88' lang='lat' dir='ltr'><strong>quea</strong></span> <span class='ocrx_word' id='word_1_244' title='bbox 621 3634 655 3701; x_wconf 88' lang='lat' dir='ltr'><strong>in</strong></span> <span class='ocrx_word' id='word_1_245' title='bbox 678 3637 739 3699; x_wconf 93' lang='lat' dir='ltr'><strong>hoc</strong></span> <span class='ocrx_word' id='word_1_246' title='bbox 756 3634 813 3699; x_wconf 89' lang='lat' dir='ltr'><strong>tibi</strong></span> <span class='ocrx_word' id='word_1_247' title='bbox 835 3635 942 3711; x_wconf 80' lang='lat' dir='ltr'><strong>limine</strong></span> <span class='ocrx_word' id='word_1_248' title='bbox 960 3636 1124 3723; x_wconf 79' lang='lat' dir='ltr'><strong>praefarer.</strong></span> <span class='ocrx_word' id='word_1_249' title='bbox 1174 3652 1249 3697; x_wconf 86' lang='lat' dir='ltr'><strong>nam</strong></span> <span class='ocrx_word' id='word_1_250' title='bbox 1270 3630 1309 3699; x_wconf 92' lang='lat' dir='ltr'><strong>de</strong></span> <span class='ocrx_word' id='word_1_251' title='bbox 1326 3652 1392 3700; x_wconf 79' lang='lat' dir='ltr'><strong>ntea</strong></span> 
     </span>
     <span class='ocr_line' id='line_1_33' title="bbox 295 3735 1392 3825; baseline -0.002 -24"><span class='ocrx_word' id='word_1_252' title='bbox 295 3735 515 3825; x_wconf 87' lang='lat' dir='ltr'><strong>interpretandi</strong></span> <span class='ocrx_word' id='word_1_253' title='bbox 533 3737 668 3819; x_wconf 89' lang='lat' dir='ltr'><strong>ratione,</strong></span> <span class='ocrx_word' id='word_1_254' title='bbox 704 3736 743 3802; x_wconf 92' lang='lat' dir='ltr'><strong>de</strong></span> <span class='ocrx_word' id='word_1_255' title='bbox 766 3736 880 3803; x_wconf 89' lang='lat' dir='ltr'><strong>ordine</strong></span> <span class='ocrx_word' id='word_1_256' title='bbox 907 3758 941 3802; x_wconf 89' lang='lat' dir='ltr'><strong>ec</strong></span> <span class='ocrx_word' id='word_1_257' title='bbox 971 3736 1119 3802; x_wconf 83' lang='lat' dir='ltr'><strong>methodo</strong></span> <span class='ocrx_word' id='word_1_258' title='bbox 1142 3735 1268 3802; x_wconf 88' lang='lat' dir='ltr'><strong>notandi</strong></span> <span class='ocrx_word' id='word_1_259' title='bbox 1290 3736 1392 3801; x_wconf 86' lang='lat' dir='ltr'><strong>eedem</strong></span> 
     </span>
     <span class='ocr_line' id='line_1_34' title="bbox 295 3839 1391 3930; baseline 0.001 -27"><span class='ocrx_word' id='word_1_260' title='bbox 295 3860 377 3927; x_wconf 86' lang='lat' dir='ltr'><strong>quae</strong></span> <span class='ocrx_word' id='word_1_261' title='bbox 397 3842 432 3905; x_wconf 90' lang='lat' dir='ltr'><strong>in</strong></span> <span class='ocrx_word' id='word_1_262' title='bbox 450 3844 553 3908; x_wconf 79' lang='lat' dir='ltr'><strong>fronte</strong></span> <span class='ocrx_word' id='word_1_263' title='bbox 574 3840 686 3930; x_wconf 91' lang='lat' dir='ltr'><strong>prioris</strong></span> <span class='ocrx_word' id='word_1_264' title='bbox 702 3841 797 3929; x_wconf 74' lang='lat' dir='ltr'><strong>partis</strong></span> <span class='ocrx_word' id='word_1_265' title='bbox 820 3840 987 3924; x_wconf 86' lang='lat' dir='ltr'><strong>admonui,</strong></span> <span class='ocrx_word' id='word_1_266' title='bbox 1006 3840 1086 3905; x_wconf 89' lang='lat' dir='ltr'><strong>dicta</strong></span> <span class='ocrx_word' id='word_1_267' title='bbox 1105 3839 1157 3904; x_wconf 90' lang='lat' dir='ltr'><strong>hic</strong></span> <span class='ocrx_word' id='word_1_268' title='bbox 1168 3862 1290 3927; x_wconf 85' lang='lat' dir='ltr'><strong>quoque</strong></span> <span class='ocrx_word' id='word_1_269' title='bbox 1303 3839 1391 3906; x_wconf 81' lang='lat' dir='ltr'><strong>velim</strong></span> 
     </span>
     <span class='ocr_line' id='line_1_35' title="bbox 294 3940 1390 4039; baseline 0.001 -31"><span class='ocrx_word' id='word_1_270' title='bbox 294 3942 437 4025; x_wconf 75' lang='lat' dir='ltr'><strong>intelligi.</strong></span> <span class='ocrx_word' id='word_1_271' title='bbox 491 3948 571 4014; x_wconf 78' lang='lat' dir='ltr'><strong>vale.</strong></span> <span class='ocrx_word' id='word_1_272' title='bbox 622 3942 801 4014; x_wconf 84' lang='lat' dir='ltr'><strong>Scribebem</strong></span> <span class='ocrx_word' id='word_1_273' title='bbox 820 3944 943 4013; x_wconf 84' lang='lat' dir='ltr'><strong>Romae</strong></span> <span class='ocrx_word' id='word_1_274' title='bbox 959 3942 1058 4039; x_wconf 88' lang='lat' dir='ltr'><strong>pridie</strong></span> <span class='ocrx_word' id='word_1_275' title='bbox 1072 3943 1146 4017; x_wconf 81' lang='lat' dir='ltr'><strong>ltus</strong></span> <span class='ocrx_word' id='word_1_276' title='bbox 1163 3940 1296 4011; x_wconf 74' lang='lat' dir='ltr'><strong>lanuadi</strong></span> <span class='ocrx_word' id='word_1_277' title='bbox 1316 3964 1390 4009; x_wconf 87' lang='lat' dir='ltr'><strong>enno</strong></span> 
     </span>
     <span class='ocr_line' id='line_1_36' title="bbox 294 4042 547 4117; baseline 0.016 -4"><span class='ocrx_word' id='word_1_278' title='bbox 294 4042 411 4113; x_wconf 80' lang='lat' dir='ltr'><strong>Christi</strong></span> <span class='ocrx_word' id='word_1_279' title='bbox 436 4044 547 4117; x_wconf 83' lang='grc'><strong>1668.</strong></span> 
     </span>
    </p>
   </div>
   <div class='ocr_carea' id='block_1_11' title="bbox 755 4270 963 4285">
    <p class='ocr_par' dir='ltr' id='par_1_11' title="bbox 755 4270 963 4285">
     <span class='ocr_line' id='line_1_37' title="bbox 755 4270 963 4285; baseline 0.005 -2"><span class='ocrx_word' id='word_1_280' title='bbox 755 4270 963 4285; x_wconf 50' lang='lat' dir='ltr'><strong>m</strong></span> 
     </span>
    </p>
   </div>
   <div class='ocr_carea' id='block_1_12' title="bbox 0 0 1510 4900">
    <p class='ocr_par' dir='ltr' id='par_1_12' title="bbox 0 0 1510 4900">
     <span class='ocr_line' id='line_1_38' title="bbox 0 0 1510 4900; baseline 0 2"><span class='ocrx_word' id='word_1_281' title='bbox 0 0 1510 4900; x_wconf 95' lang='lat' dir='ltr'><strong> </strong></span> 
     </span>
    </p>
   </div>
  </div>
 </body>
</html>
