3009 4900
306 275 380 348 781
594 273 833 346 0118211711.
852 274 1089 346 PIOEYNER.

303 441 487 524 reapondeo:
508 463 571 504 nan
592 441 668 504 haec
686 443 841 506 rumenda
860 453 934 506 anat
953 443 994 506 ad
1012 441 1211 525 colloquium
1242 437 1377 503 Veraci
1396 461 1448 502 e·

302 527 474 610 patriarcha
489 529 633 608 Gregorio
647 527 802 607 habitum,
820 539 887 590 tota
901 530 1090 611 praecedenti
1104 529 1210 609 capite
1239 528 1314 594 35
1342 527 1453 586 deam

303 623 408 694 ptum,
429 613 482 674 aed
501 615 540 674 ad
552 615 651 674 obiter
665 615 816 676 adtextam
827 615 866 676 ad
877 617 987 676 calcea
1000 615 1084 676 illiue
1096 615 1210 695 cepitie
1230 613 1455 673 mentione·

303 699 420 758 laxatae
439 700 534 759 multo
553 700 701 780 posteriue
719 700 809 762 Vacci
830 702 1000 776 cuatcdiaa‚
1019 701 1162 780 inquam
1177 709 1278 779 poet
1296 697 1345 757 a‘d
1361 698 1450 756 ooli>

303 784 404 862 quium
424 795 471 842 eet
489 787 651 848 conicetur.
691 785 724 846 id
740 805 811 866 ergo
824 795 941 846 tantm
953 787 1006 846 ilia
1018 785 1126 866 capitia
1140 789 1184 850 36
1201 785 1348 864 prima
1365 783 1453 840 vem

302 869 488 946 aigniticant,
518 871 607 950 paulo
631 879 702 931 ante
726 890 817 948 quem
834 871 867 930 in
889 871 1007 952 caepiua
1023 879 1189 931 munerata
1219 869 1447 950 imper-atara

303 955 468 1014 Andronici
483 957 667 1035 proiectione
681 956 713 1015 in
728 955 892 1032 Orientem,
913 977 970 1038 per
982 954 1102 1016 mireum
1115 957 1150 1014 in
1165 974 1292 1014 arcem
1314 957 1359 1014 S.
1376 955 1449 1010 Gra

302 1039 379 1117 gorii
404 1040 679 1118 pretereuntium,
702 1039 816 1102 Veecna
832 1041 866 1100 in
882 1041 975 1120 panio
996 1039 1241 1102 tolerabiliorem
1265 1039 1442 1098 mnditia

302 1143 371 1184 nem
398 1126 626 1202 transferretur,
658 1125 773 1186 aditum
798 1127 965 1207 Dacibyaaa
991 1125 1030 1186 eb
1054 1125 1239 1186 Andronico
1276 1124 1445 1184 Ioanne·

301 1208 452 1269 Theodori
467 1211 599 1270 Luceria
618 1210 743 1288 Inguen
758 1211 864 1272 tilium.

388 1293 465 1356 VIII.
508 1295 589 1354 More
602 1295 673 1354 inde
685 1295 774 1356 Vecci
785 1306 924 1357 namatnr
935 1317 966 1377 p.
980 1299 1044 1361 270
1061 1314 1092 1356 r.
1105 1293 1157 1359 14.
1178 1292 1240 1353 aed
1257 1315 1338 1373 qno
1354 1314 1438 1352 anuo

304 1377 459 1456 contigerit
483 1378 708 1459 disquirendum
729 1380 816 1442 nobie
832 1381 993 1443 historicae
1012 1379 1165 1456 relinquit.
1209 1381 1437 1459 expetimus

304 1482 374 1540 erga
398 1463 522 1542 ecquid,
554 1465 712 1545 aequeudia
736 1467 867 1547 antigii·
891 1486 990 1528 renam
1015 1467 1053 1525 ab
1073 1465 1129 1526 illo
1147 1464 1230 1522 cerie
1251 1467 1431 1536 continua,

304 1557 564 1626 quingentenum,
586 1561 783 1627 narratarum,
804 1553 955 1634 poaeimua
969 1561 1052 1610 certo
1065 1548 1309 1630 deprehendere
1325 1570 1430 1628 qnan-

284 1639 368 1692 'tnm
391 1633 524 1714 praeciee
548 1637 636 1716 apatii
660 1637 861 1698 interceaearit
882 1659 901 1695 a
925 1637 1016 1696 modo
1036 1642 1199 1695 memorata
1213 1636 1425 1694 relaxatione

303 1718 473 1780 acerbitatia
487 1721 520 1781 in
535 1720 623 1782 Vecci
635 1743 751 1782 carcere
763 1723 802 1782 ad
815 1723 977 1805 perfectam
989 1719 1070 1798 cina,
1091 1739 1167 1800 quae
1182 1720 1276 1779 retici
1290 1721 1420 1780 demam

180 1827 184 1835 ·
303 1803 387 1864 obitu
409 1805 437 1865 ei
459 1805 585 1884 obtigit,
614 1808 819 1868 liberationem
840 1809 878 1868 ab
901 1808 1050 1867 aerumnia
1075 1805 1227 1865 omnibne.
1274 1807 1417 1886 primam
1466 1836 1468 1885 4

301 1899 416 1950 eertum
431 1900 475 1952 eat
488 1892 692 1952 Andronicum
706 1891 917 1973 Imperatorem
930 1889 1098 1972 Nymphaei
1115 1891 1294 1970 perstitiose
1311 1891 1412 1971 aperio
1468 1924 1471 1984 p

299 1974 371 2054 plna
391 1997 503 2040 annno.
544 1978 634 2036 refert
655 1978 732 2037 enim
751 1989 855 2039 noeter
875 1999 906 2058 ρ.
932 1976 993 2042 154
1012 1997 1042 2036 r.
1065 1980 1104 2040 11
1127 1975 1226 2035 inim
1250 1996 1327 2036 eum
1343 1975 1409 2034 iilic
1470 1985 1471 2004 ¹

299 2057 536 2142 undetrigeairno
546 2065 657 2122 mensis
667 2063 752 2122 iunii
763 2061 885 2144 dieque
896 2073 1073 2122 cunctorum
1082 2060 1299 2140 mmmmm
1311 2059 1406 2142 (Petri

300 2164 407 2225 nempe
427 2156 457 2208 et
471 2145 569 2226 Pauli)
580 2149 701 2226 fernum
719 2149 902 2227 celebratur,
921 2149 1016 2206 uitem
1035 2157 1172 2206 currente
1186 2167 1276 2205 armo
1293 2169 1330 2205 es
1343 2168 1400 2226 quo
1468 2172 1470 2207 ι

300 2231 465 2308 imperator
478 2245 583 2292 caetra
597 2236 665 2292 illic
676 2235 824 2294 lauretae.-
844 2235 969 2306 deereiue
984 2229 1147 2314 ructatione
1164 2230 1399 2310 earuamrw
1467 2228 1468 2285 I

298 2313 380 2396 μένῳ
402 2321 447 2399 τῷ
466 2319 591 2396 βασιλεῖ.
633 2339 700 2380 eum
719 2341 789 2398 ergo
806 2341 930 2380 numero
943 2317 1090 2398 euperiori
1105 2317 1316 2377 veriaimiliter
1334 2327 1395 2376 eta-

296 2399 440 2460 tuerimue
461 2401 667 2461 Andronicum
689 2407 859 2481 Anguetum
881 2403 1055 2486 perveniaee
1077 2401 1283 2482 Nymphaeum
1311 2403 1390 2462 circa
1467 2457 1468 2464 ,

296 2481 416 2539 initium
432 2484 511 2541 iunii
523 2504 603 2545 enno
623 2486 733 2547 Chrieti
750 2494 852 2565 1290,
873 2490 957 2569 quod
968 2490 1024 2551 illo
1037 2508 1064 2551 c.
1078 2493 1100 2553 9
1114 2487 1305 2567 pachymeres
1319 2508 1386 2545 me-

294 2574 392 2625 moret
419 2568 574 2627 diaaidium
599 2571 772 2651 principum
798 2582 1003 2633 matronarum
1026 2582 1208 2635 contractam
1230 2574 1381 2631 ocmaioae

294 2654 456 2731 panegyria
473 2654 693 2735 apostolorum,
715 2657 874 2735 contigerit
896 2662 939 2724 29
959 2659 1009 2719 die
1028 2659 1104 2719 Iunii
1126 2658 1192 2723 anui
1203 2654 1265 2714 Chr.
1283 2660 1373 2731 1291,

294 2740 417 2815 quando
432 2738 491 2799 iam
510 2761 620 2801 annum
639 2742 767 2803 alterum
780 2764 849 2804 anea
861 2744 941 2821 apud
957 2744 1166 2824 Nymphaeum
1180 2740 1374 2802 cummutatio-
1465 2739 1469 2810 I

294 2822 343 2882 nia
360 2824 555 2887 'Andronicus
576 2826 779 2888 inchoaverat.
818 2829 934 2890 reditur
947 2830 1011 2889 eine
1023 2826 1094 2889 inde
1104 2830 1139 2888 in
1151 2829 1248 2889 urbem
1259 2836 1376 2887 cantur

294 2926 328 2987 p·
344 2909 405 2973 165
421 2930 449 2973 v,
464 2915 501 2986 d,
521 2922 552 2971 et
566 2914 734 2991 aaeignatur
750 2914 809 2974 diei
822 2914 1088 2994 duodetrigeaimae
1101 2915 1198 2991 Iunii,
1217 2912 1283 2971 anni
1294 2911 1376 2971 rida-

293 2992 368 3051 licet
388 2996 489 3053 atatim
510 3000 660 3075 aequentia
682 3019 767 3060 aerae
788 2999 900 3060 Chriati
914 3000 1045 3078 vulgaria
1064 3003 1161 3075 1298,
1186 3018 1252 3058 cum
1261 2998 1316 3057 iam
1328 3018 1376 3057 re·

293 3086 399 3155 parata
421 3080 548 3139 Iuiaaeut
568 3082 678 3143 demna
696 3084 845 3163 incendii,
867 3106 927 3163 qno
948 3084 1068 3145 hiennio
1087 3094 1157 3144 ante
1174 3083 1373 3143 abdicetionem

290 3160 468 3310 1ἳῃιιηηιιῑῑῖ
483 3174 518 3225 ut
538 3166 649 3229 diseno
663 3170 796 3231 traditur
807 3192 838 3251 p.
856 3175 916 3237 178
929 3190 958 3234 v.
971 3176 1010 3248 6,
1031 3170 1142 3230 Forum
1154 3188 1286 3247 megum
1298 3186 1371 3229 een-

331 3266 454 3327 gravera
469 3296 478 3309 .
975 3280 980 3288 ·

377 3334 428 3393 IX.
470 3334 675 3398 Abdicationia
694 3358 785 3418 porro
802 3338 892 3399 modo
912 3347 1090 3398 memoratae
1103 3335 1252 3397 Athanaaii
1262 3346 1368 3418 temper

289 3415 362 3475 aetia
377 3418 487 3479 diaerte
498 3420 692 3499 Pachymerea
709 3423 860 3501 exprimit,
881 3423 954 3483 dum
969 3444 1000 3504 p·
1016 3429 1078 3489 177
1089 3442 1119 3483 v.
1132 3426 1154 3487 9
1167 3422 1266 3482 scribit
1276 3421 1364 3503 ipen

289 3512 390 3559 exacte
410 3502 649 3583 quadriennium
663 3510 696 3565 in
706 3510 928 3587 patriarchatu
944 3508 1118 3587 eapImisre,
1138 3507 1181 3566 ita
1201 3519 1235 3565 ut
1248 3511 1313 3566 initi
1322 3530 1363 3567 re·

286 3588 410 3667 dictique
428 3592 588 3668 regiminia
604 3592 744 3651 eccleciae
757 3593 884 3654 eandem
890 3596 988 3670 ferme
1001 3596 1203 3653 numeraverit
1218 3590 1290 3653 dieat
1308 3615 1361 3653 ees·

286 3682 353 3731 tam
367 3670 517 3731 decimum
535 3676 686 3739 Octobris.
727 3679 868 3740 alludunt
887 3679 960 3739 haec
981 3680 1021 3738 ad
1043 3680 1127 3759 priua
1145 3677 1250 3757 ecriptr
1265 3700 1294 3759 p.
1308 3680 1358 3743 116

286 3777 315 3817 v.
331 3762 367 3831 1,
388 3759 438 3817 uhi
460 3759 572 3820 dicitur
587 3772 723 3841 quartam
741 3764 884 3825 decimam
901 3763 1040 3825 Octobr-ir
1053 3763 1133 3823 diem
1147 3764 1265 3843 primam
1276 3764 1357 3823 Athr-

286 3842 370 3901 neaic
394 3844 613 3923 patrierchatua
636 3848 703 3907 initi
724 3850 826 3913 Iuiaae.
868 3851 999 3931 partinet
1017 3846 1091 3925 hoc,
1112 3857 1149 3905 nt
1173 3849 1234 3907 diri
1248 3850 1354 3925 numi,

286 3926 325 3984 ad
350 3949 460 3989 annum
480 3930 550 3991 Chr.
572 3936 670 4007 1289,
692 3952 730 3991 ex
753 3956 814 4015 qno
835 3938 906 3995 euni
926 3944 1076 3994 uertente·
1099 3943 1225 4011 quatuor
1242 3934 1271 3993 in
1287 3935 1354 3993 diem

287 4014 328 4074 14
346 4012 455 4076 octob,
474 4036 521 4077 en.
543 4020 624 4081 1293
644 4018 765 4081 desiere.
807 4021 898 4081 bidan
923 4028 993 4099 poet
1015 4018 1126 4077 throno
1146 4019 1230 4079 ceruit
1246 4018 1352 4078 Ithem-

285 4093 363 4171 eiua,
384 4110 466 4175 gaeta
485 4100 679 4181 patriarchali
702 4102 847 4181 dignitate
863 4106 950 4165 ennio
968 4103 1090 4162 omnino
1112 4116 1238 4183 quatuor
1252 4114 1278 4163 et
1289 4103 1351 4163 duo·

283 4173 340 4233 bue
354 4193 504 4253 praeterea
516 4186 632 4247 diebua.
666 4187 840 4250 incendium
853 4210 922 4270 crgo
935 4188 1033 4265 magni
1047 4188 1118 4247 Fori
1132 4209 1211 4249 anuo
1225 4192 1289 4254 1291
1302 4189 1348 4247 mh

284 4260 414 4324 medium
433 4267 631 4333 Nouembrem
654 4275 775 4353 evenit,
797 4275 882 4337 caiae
904 4273 1012 4337 ruina
1035 4274 1132 4355 epatio
1154 4275 1282 4335 mennam
1296 4274 1348 4335 iera
