3009 4900
125 1069 421 1186 PETRI
488 1072 883 1185 POSSINI
960 1073 1003 1178 E
1069 1072 1125 1184 S.
1195 1075 1232 1183 1.

296 1241 1076 1338 oesunvnrronun

183 1397 1193 1493 PACHYMERIANARUM

558 1550 808 1618 LIBERI.

401 1670 971 1750 Guossnttlunt

580 1865 788 1882 U

130 1999 346 2129 Ἀγγανις
365 2067 395 2127 p·
417 2043 480 2111 644
495 2064 524 2106 v.
540 2049 571 2111 8.
614 2047 709 2108 telum
733 2045 798 2108 eius
821 2039 917 2104 simila
942 2039 1024 2122 quod
1048 2039 1141 2101 Medis
1162 2039 1235 2100 olim
1251 2036 1274 2091 Ρ
1291 2037 1342 2095 457

131 2141 279 2202 familiare
292 2135 461 2217 Xenophon
476 2137 508 2196 in
521 2137 591 2216 Cyri
612 2138 717 2218 paedia
734 2131 849 2200 παλτόν
867 2134 1041 2216 appellarit,
1063 2155 1129 2194 cum
1146 2155 1237 2195 usur·

131 2234 241 2306 parent
262 2233 366 2304 postes
387 2223 472 2282 bellis
490 2233 597 2282 contra
611 2226 740 2283 Graecos
764 2231 816 2282 sut
834 2221 907 2280 alios
923 2219 1053 2302 populos
1069 2219 1237 2280 Orientalas

132 2311 259 2384 Franci,
289 2304 411 2392 ἔγγονα
430 2308 487 2388 ipsi
513 2307 681 2383 rocabsut3
708 2307 790 2367 unde
811 2317 909 2366 atres
932 2315 962 2365 et
981 2325 1090 2363 nomen
1114 2305 1238 2365 Graecia

132 2393 350 2458 recentiorsssus
364 2393 505 2461 innotuit.
535 2414 596 2453 non
615 2395 693 2453 enim
708 2393 787 2453 illud
796 2389 829 2457 sd
838 2386 968 2455 παλαιόν
985 2393 1080 2451 nostri
1094 2389 1235 2453 hocloco

132 2480 325 2560 Pachymeris
352 2480 390 2537 ad
411 2480 547 2538 ultimam
575 2480 789 2540 vetustissimae
815 2478 957 2539 Graeciae
984 2486 1036 2537 aut
1063 2476 1236 2537 florentium
1254 2478 1277 2533 P
1293 2476 1346 2533 458

132 2566 316 2627 Athenarum
337 2566 508 2623 memoriam
530 2566 722 2625 referendum
745 2574 809 2643 est,
837 2566 889 2625 sed
913 2565 951 2622 ad
972 2564 1098 2623 aesculis
1119 2562 1238 2643 aliquot

133 2652 296 2712 anteriores
310 2649 490 2729 Pechymere
503 2650 685 2729 Byzantinus
703 2650 844 2710 Graeciae
857 2649 1029 2728 scriptores.
1072 2666 1109 2705 ex
1127 2650 1236 2726 quibus

132 2747 162 2797 et
181 2736 286 2796 Suidss
308 2745 339 2794 et
360 2734 533 2795 Eustothius
549 2734 718 2796 istiusmodi
739 2736 793 2795 tali
810 2734 1039 2812 descriptionem
1059 2730 1235 2794 hauserunt.

132 2823 216 2905 prior
243 2820 286 2882 sio
312 2820 464 2898 loquitur:
497 2816 630 2903 ἅγγανις
654 2818 797 2903 ἕπιγοίρια
823 2812 933 2900 δόρατα
962 2812 1046 2897 παραὶ
1071 2814 1234 2897 Φράγιιοις.

134 2929 222 2987 quem
240 2915 276 2965 ut
294 2904 377 2965 rides
397 2904 592 2982 Pachymeres
613 2905 785 2984 descripsit,
805 2903 936 2963 Francos
957 2910 1072 2961 tantum
1092 2920 1153 2959 uon
1168 2920 1235 2960 me-

134 3013 269 3067 morans,
292 2990 373 3069 quod
394 2990 486 3050 italos
506 2990 547 3049 ibi
570 3000 639 3049 ants
661 2989 831 3049 nominatos
850 2988 887 3047 iia
899 3006 1083 3067 synonymus
1103 2987 1236 3048 duceret.

134 3096 237 3138 revera
251 3076 328 3134 anim
343 3098 359 3133 a
374 3096 527 3135 sacrarum
545 3076 719 3155 praesertim
733 3073 959 3156 expeditionum
977 3072 1009 3130 in
1022 3072 1143 3131 Terram
1157 3069 1235 3132 San·

135 3172 212 3222 ctam
228 3160 414 3240 temporibus
430 3161 533 3221 Asiani
549 3162 734 3221 Francorum
746 3160 893 3221 vocabulo
907 3159 1119 3218 trsnsmsrinss
1132 3178 1236 3218 omnes

134 3248 271 3327 Europes
305 3246 442 3305 nationes
478 3246 783 3328 comprehendebant.
837 3242 1010 3306 Eustathius
1043 3262 1163 3322 quoque
1196 3244 1236 3303 sd

135 3333 270 3412 odysm
286 3334 340 3391 sub
354 3329 587 3417 initium'Ayyor
601 3330 815 3433 (lega''Aypor)
831 3326 910 3404 εἶδος
921 3322 1047 3411 δόρατος
1063 3330 1238 3411 Φραγγιιιοῦ

135 3414 203 3480 οὔτε
223 3419 292 3479 λίαν
311 3420 431 3497 μικροῦ,
454 3420 563 3497 φασίν,
586 3415 656 3481 οὔτε
678 3422 824 3500 ριιγαλον,
848 3408 887 3479 οὗ
906 3412 940 3479 ro*
962 3418 1102 3477 πλεῖστον
1123 3408 1238 3497 σιδήρῳ

135 3501 306 3581 περιέχεται,
321 3496 360 3565 od
373 3499 448 3565 nord
461 3500 494 3566 τὰ
508 3499 592 3585 ιιαραΙ
607 3499 791 3582 Λυκόφρονι
804 3502 966 3585 οίγνγινον·
989 3500 1085 3565 ἐκεῖνο
1097 3495 1154 3583 γὰρ
1168 3498 1239 3563 ὁλο-

136 3588 268 3668 σίδηρον.
311 3588 426 3669 Argon
449 3592 560 3671 rpecies
580 3589 690 3647 hastae
705 3590 873 3648 Francicae
892 3606 988 3666 neque
1006 3588 1100 3645 nimis
1109 3604 1239 3665 parvae,

136 3683 171 3731 ut
185 3676 291 3748 ιιιίιιιι,
312 3695 408 3753 neque
425 3695 574 3755 magrm3
597 3695 677 3754 quae
688 3675 761 3753 fere
779 3684 848 3733 tota
863 3676 948 3750 ferro
970 3668 1238 3751 comprehenditur,

136 3760 168 3818 ιἰι
189 3758 248 3816 hoc
267 3756 433 3817 dissimilis
452 3772 615 3818 memoratu
640 3756 729 3840 opud
745 3758 974 3839 Lycophronem
993 3759 1153 3835 sigymno:
1179 3754 1238 3815 Ιιοο

135 3845 212 3902 enim
226 3844 320 3903 telum
334 3856 378 3903 est
393 3854 490 3904 totum
501 3848 651 3923 ferreum.
694 3845 817 3905 videtur
833 3854 939 3905 auctor
952 3840 1150 3923 Etymologici
1167 3842 1236 3899 exi-

134 3928 253 3988 stimare
271 3950 383 3989 nomen
397 3928 458 3989 hoc
473 3931 510 3989 sb
524 3925 690 4006 ἀκοντίζειν
707 3930 844 4006 ductum,
866 3939 899 3989 ut
912 3927 1051 4007 quoniam
1068 3926 1235 3985 istiusmodi

134 4014 193 4096 pita
211 4034 277 4073 non
297 4016 380 4095 longi
403 4016 553 4075 manubrii
570 4037 631 4075 uon
651 4016 740 4076 modo
763 4036 854 4075 manu
869 4033 975 4091 qusssa
987 4010 1164 4089 vibrataque
1177 4010 1235 4070 ho-

135 4109 208 4159 stem
223 4100 390 4161 comminus
402 4102 554 4161 admotum
569 4102 714 4177 foderent,
736 4102 789 4160 aed
798 4098 927 4161 sthabili
940 4097 1084 4157 brevitate
1099 4097 1137 4155 ad
1146 4097 1234 4156 iscu-

134 4184 273 4245 lationem
286 4196 357 4266 apta
371 4188 487 4247 eminus
500 4188 533 4245 in
544 4196 676 4247 remotos
692 4186 893 4260 mitterentur,
915 4179 1047 4267 ἅγγοινες
1068 4180 1147 4241 dicta
1163 4183 1234 4243 sint.

135 4270 222 4331 rerba
231 4270 295 4332 aius
309 4272 465 4354 scriptoris
479 4272 556 4333 haec
572 4282 656 4334 suut:
678 4268 810 4359 ἔγγονος
825 4262 951 4353 δοράτια
970 4264 1009 4335 od
1027 4269 1097 4331 λίαν
1113 4264 1233 4354 σμικρά,
