<?xml version="1.0" encoding="UTF-8"?>
<!DOCTYPE html PUBLIC "-//W3C//DTD XHTML 1.0 Transitional//EN"
    "http://www.w3.org/TR/xhtml1/DTD/xhtml1-transitional.dtd">
<html xmlns="http://www.w3.org/1999/xhtml" xml:lang="en" lang="en">
 <head>
  <title>
</title>
<meta http-equiv="Content-Type" content="text/html;charset=utf-8" />
  <meta name='ocr-system' content='tesseract 3.04.00' />
  <meta name='ocr-capabilities' content='ocr_page ocr_carea ocr_par ocr_line ocrx_word'/>
</head>
<body>
  <div class='ocr_page' id='page_1' title='image "./corpusscriptoru69theogoog_0856.png"; bbox 0 0 3009 4900; ppageno 0'>
   <div class='ocr_carea' id='block_1_1' title="bbox 328 295 1220 416">
    <p class='ocr_par' dir='ltr' id='par_1_1' title="bbox 328 295 1220 416">
     <span class='ocr_line' id='line_1_1' title="bbox 328 295 1220 416; baseline 0.013 -12"><span class='ocrx_word' id='word_1_1' title='bbox 328 333 409 404; x_wconf 80' lang='lat' dir='ltr'>nn.</span> <span class='ocrx_word' id='word_1_2' title='bbox 429 333 488 406; x_wconf 84' lang='lat' dir='ltr'>m</span> <span class='ocrx_word' id='word_1_3' title='bbox 538 334 911 410; x_wconf 78' lang='lat' dir='ltr'>emorouoorooe</span> <span class='ocrx_word' id='word_1_4' title='bbox 957 295 1007 330; x_wconf 80' lang='grc'>”’</span> <span class='ocrx_word' id='word_1_5' title='bbox 1144 339 1220 416; x_wconf 75' lang='lat' dir='ltr'>sto</span> 
     </span>
    </p>
   </div>
   <div class='ocr_carea' id='block_1_2' title="bbox 145 485 1222 1694">
    <p class='ocr_par' dir='ltr' id='par_1_2' title="bbox 145 485 1222 758">
     <span class='ocr_line' id='line_1_2' title="bbox 145 485 1219 592; baseline 0.007 -28"><span class='ocrx_word' id='word_1_6' title='bbox 145 507 176 592; x_wconf 39' lang='grc' dir='ltr'>’ᾗ</span> <span class='ocrx_word' id='word_1_7' title='bbox 217 559 247 590; x_wconf 80' lang='lat' dir='ltr'>m</span> <span class='ocrx_word' id='word_1_8' title='bbox 301 507 341 592; x_wconf 53' lang='grc' dir='ltr'>,ζ</span> <span class='ocrx_word' id='word_1_9' title='bbox 359 485 488 592; x_wconf 49' lang='lat' dir='ltr'>Qu*</span> <span class='ocrx_word' id='word_1_10' title='bbox 564 501 733 586; x_wconf 70' lang='lat' dir='ltr'>Imperator</span> <span class='ocrx_word' id='word_1_11' title='bbox 747 503 993 584; x_wconf 77' lang='lat' dir='ltr'>Thessalonicae,</span> <span class='ocrx_word' id='word_1_12' title='bbox 1020 511 1152 571; x_wconf 72' lang='lat' dir='ltr'>mactatu</span> <span class='ocrx_word' id='word_1_13' title='bbox 1169 511 1219 570; x_wconf 79' lang='lat' dir='ltr'>sf-</span> 
     </span>
     <span class='ocr_line' id='line_1_3' title="bbox 520 587 1220 670; baseline 0.009 -20"><span class='ocrx_word' id='word_1_14' title='bbox 520 587 646 650; x_wconf 81' lang='lat' dir='ltr'>liuitatia</span> <span class='ocrx_word' id='word_1_15' title='bbox 666 609 737 652; x_wconf 87' lang='lat' dir='ltr'>oum</span> <span class='ocrx_word' id='word_1_16' title='bbox 759 591 839 652; x_wconf 87' lang='lat' dir='ltr'>orale</span> <span class='ocrx_word' id='word_1_17' title='bbox 859 590 981 652; x_wconf 84' lang='lat' dir='ltr'>Serblss</span> <span class='ocrx_word' id='word_1_18' title='bbox 997 593 1160 670; x_wconf 84' lang='lat' dir='ltr'>concluso,</span> <span class='ocrx_word' id='word_1_19' title='bbox 1181 593 1220 656; x_wconf 82' lang='lat' dir='ltr'>ab</span> 
     </span>
     <span class='ocr_line' id='line_1_4' title="bbox 520 675 1222 758; baseline 0.007 -22"><span class='ocrx_word' id='word_1_20' title='bbox 520 695 556 736; x_wconf 83' lang='lat' dir='ltr'>eo</span> <span class='ocrx_word' id='word_1_21' title='bbox 567 675 753 737; x_wconf 85' lang='lat' dir='ltr'>Cotanitsam</span> <span class='ocrx_word' id='word_1_22' title='bbox 768 677 953 755; x_wconf 74' lang='lat' dir='ltr'>transfugam</span> <span class='ocrx_word' id='word_1_23' title='bbox 970 684 1000 738; x_wconf 88' lang='lat' dir='ltr'>et</span> <span class='ocrx_word' id='word_1_24' title='bbox 1009 676 1140 758; x_wconf 87' lang='lat' dir='ltr'>priorem</span> <span class='ocrx_word' id='word_1_25' title='bbox 1154 701 1222 740; x_wconf 83' lang='lat' dir='ltr'>ors·</span> 
     </span>
    </p>

    <p class='ocr_par' dir='ltr' id='par_1_3' title="bbox 403 759 1220 845">
     <span class='ocr_line' id='line_1_5' title="bbox 403 759 1220 845; baseline 0.01 -26"><span class='ocrx_word' id='word_1_26' title='bbox 403 760 444 820; x_wconf 79' lang='lat'>17</span> <span class='ocrx_word' id='word_1_27' title='bbox 519 759 557 820; x_wconf 88' lang='lat' dir='ltr'>lis</span> <span class='ocrx_word' id='word_1_28' title='bbox 577 762 731 840; x_wconf 71' lang='lat' dir='ltr'>ooniugsm</span> <span class='ocrx_word' id='word_1_29' title='bbox 751 759 847 822; x_wconf 78' lang='lat' dir='ltr'>filiam</span> <span class='ocrx_word' id='word_1_30' title='bbox 868 761 1000 824; x_wconf 81' lang='lat' dir='ltr'>Terteria</span> <span class='ocrx_word' id='word_1_31' title='bbox 1022 763 1149 845; x_wconf 81' lang='lat' dir='ltr'>sucipit,</span> <span class='ocrx_word' id='word_1_32' title='bbox 1170 767 1220 826; x_wconf 66' lang='lat' dir='ltr'>vi*</span> 
     </span>
    </p>

    <p class='ocr_par' dir='ltr' id='par_1_4' title="bbox 361 825 1220 928">
     <span class='ocr_line' id='line_1_6' title="bbox 361 825 1220 928; baseline 0.005 -22"><span class='ocrx_word' id='word_1_33' title='bbox 361 825 475 881; x_wconf 59' lang='grc' dir='ltr'>ΗΜ·</span> <span class='ocrx_word' id='word_1_34' title='bbox 518 845 678 924; x_wconf 82' lang='lat' dir='ltr'>eissimqos</span> <span class='ocrx_word' id='word_1_35' title='bbox 702 847 779 908; x_wconf 85' lang='lat' dir='ltr'>orali</span> <span class='ocrx_word' id='word_1_36' title='bbox 798 849 952 928; x_wconf 81' lang='lat' dir='ltr'>propriam</span> <span class='ocrx_word' id='word_1_37' title='bbox 971 847 1066 908; x_wconf 82' lang='lat' dir='ltr'>iillum</span> <span class='ocrx_word' id='word_1_38' title='bbox 1085 849 1220 910; x_wconf 83' lang='lat' dir='ltr'>Simoni-</span> 
     </span>
    </p>

    <p class='ocr_par' dir='ltr' id='par_1_5' title="bbox 419 898 1219 1012">
     <span class='ocr_line' id='line_1_7' title="bbox 419 898 1219 1012; baseline 0.006 -21"><span class='ocrx_word' id='word_1_39' title='bbox 419 898 441 958; x_wconf 67' lang='lat'><strong>6</strong></span> <span class='ocrx_word' id='word_1_40' title='bbox 518 931 587 992; x_wconf 87' lang='lat' dir='ltr'>dem</span> <span class='ocrx_word' id='word_1_41' title='bbox 611 953 753 1012; x_wconf 81' lang='lat' dir='ltr'>sponsum</span> <span class='ocrx_word' id='word_1_42' title='bbox 774 933 944 1012; x_wconf 78' lang='lat' dir='ltr'>consignat,</span> <span class='ocrx_word' id='word_1_43' title='bbox 972 933 1138 1012; x_wconf 74' lang='lat' dir='ltr'><strong>puellulam</strong></span> <span class='ocrx_word' id='word_1_44' title='bbox 1163 936 1219 998; x_wconf 77' lang='lat' dir='ltr'>vix</span> 
     </span>
    </p>

    <p class='ocr_par' dir='ltr' id='par_1_6' title="bbox 516 1017 1219 1099">
     <span class='ocr_line' id='line_1_8' title="bbox 516 1017 1219 1099; baseline 0.004 -22"><span class='ocrx_word' id='word_1_45' title='bbox 516 1025 675 1079; x_wconf 81' lang='lat' dir='ltr'>octennem</span> <span class='ocrx_word' id='word_1_46' title='bbox 697 1017 766 1078; x_wconf 83' lang='lat' dir='ltr'>viro</span> <span class='ocrx_word' id='word_1_47' title='bbox 787 1038 883 1099; x_wconf 81' lang='lat' dir='ltr'>prope</span> <span class='ocrx_word' id='word_1_48' title='bbox 909 1017 1160 1098; x_wconf 80' lang='lat' dir='ltr'>quinquegensrio</span> <span class='ocrx_word' id='word_1_49' title='bbox 1187 1031 1219 1080; x_wconf 84' lang='lat' dir='ltr'>et</span> 
     </span>
    </p>

    <p class='ocr_par' dir='ltr' id='par_1_7' title="bbox 514 1097 1218 1184">
     <span class='ocr_line' id='line_1_9' title="bbox 514 1097 1218 1184; baseline 0.006 -22"><span class='ocrx_word' id='word_1_50' title='bbox 514 1102 648 1184; x_wconf 86' lang='lat' dir='ltr'>plurium</span> <span class='ocrx_word' id='word_1_51' title='bbox 666 1097 728 1162; x_wconf 87' lang='lat' dir='ltr'>ism</span> <span class='ocrx_word' id='word_1_52' title='bbox 744 1119 878 1164; x_wconf 79' lang='lat' dir='ltr'>uxorum</span> <span class='ocrx_word' id='word_1_53' title='bbox 893 1103 1020 1181; x_wconf 87' lang='lat' dir='ltr'>msrito,</span> <span class='ocrx_word' id='word_1_54' title='bbox 1040 1106 1218 1166; x_wconf 78' lang='lat' dir='ltr'>orutodien-</span> 
     </span>
    </p>

    <p class='ocr_par' dir='ltr' id='par_1_8' title="bbox 515 1181 1217 1272">
     <span class='ocr_line' id='line_1_10' title="bbox 515 1181 1217 1272; baseline 0.006 -24"><span class='ocrx_word' id='word_1_55' title='bbox 515 1190 583 1250; x_wconf 91' lang='lat' dir='ltr'>dam</span> <span class='ocrx_word' id='word_1_56' title='bbox 596 1181 896 1250; x_wconf 82' lang='lat' dir='ltr'>videlicetintactsm</span> <span class='ocrx_word' id='word_1_57' title='bbox 912 1207 1006 1268; x_wconf 86' lang='lat' dir='ltr'>nsque</span> <span class='ocrx_word' id='word_1_58' title='bbox 1022 1186 1061 1248; x_wconf 89' lang='lat' dir='ltr'>ad</span> <span class='ocrx_word' id='word_1_59' title='bbox 1074 1193 1217 1272; x_wconf 76' lang='lat' dir='ltr'>puberem</span> 
     </span>
    </p>

    <p class='ocr_par' dir='ltr' id='par_1_9' title="bbox 514 1272 1217 1356">
     <span class='ocr_line' id='line_1_11' title="bbox 514 1272 1217 1356; baseline 0.004 -23"><span class='ocrx_word' id='word_1_60' title='bbox 514 1278 639 1334; x_wconf 76' lang='lat' dir='ltr'>aetatem</span> <span class='ocrx_word' id='word_1_61' title='bbox 660 1272 763 1356; x_wconf 87' lang='lat' dir='ltr'>(quem</span> <span class='ocrx_word' id='word_1_62' title='bbox 779 1283 880 1334; x_wconf 88' lang='lat' dir='ltr'>tamen</span> <span class='ocrx_word' id='word_1_63' title='bbox 897 1272 1044 1353; x_wconf 80' lang='lat' dir='ltr'>Gregoras</span> <span class='ocrx_word' id='word_1_64' title='bbox 1058 1273 1116 1343; x_wconf 79' lang='lat' dir='ltr'>l.7</span> <span class='ocrx_word' id='word_1_65' title='bbox 1133 1277 1217 1336; x_wconf 87' lang='lat' dir='ltr'>scri-</span> 
     </span>
    </p>

    <p class='ocr_par' dir='ltr' id='par_1_10' title="bbox 512 1351 1217 1442">
     <span class='ocr_line' id='line_1_12' title="bbox 512 1351 1217 1442; baseline 0.006 -24"><span class='ocrx_word' id='word_1_66' title='bbox 512 1357 557 1420; x_wconf 90' lang='lat' dir='ltr'>blt</span> <span class='ocrx_word' id='word_1_67' title='bbox 576 1351 745 1420; x_wconf 85' lang='lat' dir='ltr'>festinsnds</span> <span class='ocrx_word' id='word_1_68' title='bbox 763 1379 818 1439; x_wconf 90' lang='lat' dir='ltr'>per</span> <span class='ocrx_word' id='word_1_69' title='bbox 846 1359 1094 1440; x_wconf 73' lang='lat' dir='ltr'>intemperantem</span> <span class='ocrx_word' id='word_1_70' title='bbox 1119 1380 1217 1442; x_wconf 81' lang='lat' dir='ltr'>expe-</span> 
     </span>
    </p>

    <p class='ocr_par' dir='ltr' id='par_1_11' title="bbox 511 1443 1217 1528">
     <span class='ocr_line' id='line_1_13' title="bbox 511 1443 1217 1528; baseline -0.001 -24"><span class='ocrx_word' id='word_1_71' title='bbox 511 1445 614 1506; x_wconf 84' lang='lat' dir='ltr'>ctandi</span> <span class='ocrx_word' id='word_1_72' title='bbox 638 1443 857 1525; x_wconf 73' lang='lat' dir='ltr'>impatientiam</span> <span class='ocrx_word' id='word_1_73' title='bbox 878 1443 1073 1506; x_wconf 81' lang='lat' dir='ltr'>defloratione</span> <span class='ocrx_word' id='word_1_74' title='bbox 1088 1446 1217 1528; x_wconf 64' lang='lat' dir='ltr'>virgun-</span> 
     </span>
    </p>

    <p class='ocr_par' dir='ltr' id='par_1_12' title="bbox 510 1522 1215 1694">
     <span class='ocr_line' id='line_1_14' title="bbox 512 1522 1215 1616; baseline 0.004 -27"><span class='ocrx_word' id='word_1_75' title='bbox 512 1528 596 1590; x_wconf 88' lang='lat' dir='ltr'>culse</span> <span class='ocrx_word' id='word_1_76' title='bbox 622 1522 786 1590; x_wconf 76' lang='lat' dir='ltr'>inhabilem</span> <span class='ocrx_word' id='word_1_77' title='bbox 810 1529 895 1590; x_wconf 77' lang='lat' dir='ltr'>illem</span> <span class='ocrx_word' id='word_1_78' title='bbox 923 1529 1077 1610; x_wconf 79' lang='lat' dir='ltr'>gignendis</span> <span class='ocrx_word' id='word_1_79' title='bbox 1110 1542 1215 1616; x_wconf 80' lang='lat' dir='ltr'>postea</span> 
     </span>
     <span class='ocr_line' id='line_1_15' title="bbox 510 1607 1085 1694; baseline 0.002 -18"><span class='ocrx_word' id='word_1_80' title='bbox 510 1615 613 1676; x_wconf 82' lang='lat' dir='ltr'>liberis</span> <span class='ocrx_word' id='word_1_81' title='bbox 627 1607 818 1694; x_wconf 82' lang='lat' dir='ltr'>reddidisse.)</span> <span class='ocrx_word' id='word_1_82' title='bbox 861 1611 915 1678; x_wconf 78' lang='lat' dir='ltr'>lt</span> <span class='ocrx_word' id='word_1_83' title='bbox 930 1613 990 1681; x_wconf 69' lang='lat' dir='ltr'>od</span> <span class='ocrx_word' id='word_1_84' title='bbox 1007 1625 1039 1676; x_wconf 89' lang='lat' dir='ltr'>et</span> <span class='ocrx_word' id='word_1_85' title='bbox 1055 1617 1085 1682; x_wconf 85' lang='lat'>6.</span> 
     </span>
    </p>
   </div>
   <div class='ocr_carea' id='block_1_3' title="bbox 508 1739 1214 2334">
    <p class='ocr_par' dir='ltr' id='par_1_13' title="bbox 508 1739 1214 2334">
     <span class='ocr_line' id='line_1_16' title="bbox 551 1739 1214 1826; baseline 0.003 -22"><span class='ocrx_word' id='word_1_86' title='bbox 551 1741 735 1804; x_wconf 77' lang='lat' dir='ltr'>Venetorum</span> <span class='ocrx_word' id='word_1_87' title='bbox 755 1739 864 1820; x_wconf 83' lang='lat' dir='ltr'>legatio</span> <span class='ocrx_word' id='word_1_88' title='bbox 883 1739 1092 1802; x_wconf 74' lang='lat' dir='ltr'>Andronicum</span> <span class='ocrx_word' id='word_1_89' title='bbox 1114 1742 1214 1826; x_wconf 71' lang='lat' dir='ltr'>impe·</span> 
     </span>
     <span class='ocr_line' id='line_1_17' title="bbox 508 1825 1214 1910; baseline 0.006 -22"><span class='ocrx_word' id='word_1_90' title='bbox 508 1837 642 1889; x_wconf 80' lang='lat' dir='ltr'>retorem</span> <span class='ocrx_word' id='word_1_91' title='bbox 662 1825 892 1888; x_wconf 71' lang='lat' dir='ltr'>Thessalonicae</span> <span class='ocrx_word' id='word_1_92' title='bbox 913 1828 1076 1905; x_wconf 78' lang='lat' dir='ltr'>convenit,</span> <span class='ocrx_word' id='word_1_93' title='bbox 1107 1841 1214 1910; x_wconf 86' lang='lat' dir='ltr'>petens</span> 
     </span>
     <span class='ocr_line' id='line_1_18' title="bbox 509 1907 1214 1975; baseline 0.001 -1"><span class='ocrx_word' id='word_1_94' title='bbox 509 1913 623 1974; x_wconf 83' lang='lat' dir='ltr'>remitti</span> <span class='ocrx_word' id='word_1_95' title='bbox 636 1913 763 1974; x_wconf 84' lang='lat' dir='ltr'>multam</span> <span class='ocrx_word' id='word_1_96' title='bbox 774 1911 892 1972; x_wconf 86' lang='lat' dir='ltr'>Venetis</span> <span class='ocrx_word' id='word_1_97' title='bbox 904 1907 987 1972; x_wconf 88' lang='lat' dir='ltr'>urbis</span> <span class='ocrx_word' id='word_1_98' title='bbox 1000 1913 1214 1975; x_wconf 85' lang='lat' dir='ltr'>Constantino-</span> 
     </span>
     <span class='ocr_line' id='line_1_19' title="bbox 513 1996 1212 2079; baseline 0.007 -22"><span class='ocrx_word' id='word_1_99' title='bbox 513 1999 665 2079; x_wconf 70' lang='lat' dir='ltr'>politanae</span> <span class='ocrx_word' id='word_1_100' title='bbox 676 1997 832 2077; x_wconf 84' lang='lat' dir='ltr'>inquilinis</span> <span class='ocrx_word' id='word_1_101' title='bbox 844 1996 1010 2076; x_wconf 78' lang='lat' dir='ltr'>indictum,</span> <span class='ocrx_word' id='word_1_102' title='bbox 1032 2008 1063 2060; x_wconf 87' lang='lat' dir='ltr'>et</span> <span class='ocrx_word' id='word_1_103' title='bbox 1080 1999 1212 2062; x_wconf 75' lang='lat' dir='ltr'>relaxari</span> 
     </span>
     <span class='ocr_line' id='line_1_20' title="bbox 511 2081 1213 2164; baseline 0.006 -22"><span class='ocrx_word' id='word_1_104' title='bbox 511 2084 788 2164; x_wconf 75' lang='lat' dir='ltr'>oppignerationam</span> <span class='ocrx_word' id='word_1_105' title='bbox 824 2082 974 2142; x_wconf 87' lang='lat' dir='ltr'>bonorum</span> <span class='ocrx_word' id='word_1_106' title='bbox 1006 2081 1067 2146; x_wconf 86' lang='lat' dir='ltr'>iam</span> <span class='ocrx_word' id='word_1_107' title='bbox 1096 2086 1213 2148; x_wconf 78' lang='lat' dir='ltr'>dudum</span> 
     </span>
     <span class='ocr_line' id='line_1_21' title="bbox 509 2166 1212 2249; baseline 0.007 -21"><span class='ocrx_word' id='word_1_108' title='bbox 509 2169 618 2230; x_wconf 78' lang='lat' dir='ltr'>lactem</span> <span class='ocrx_word' id='word_1_109' title='bbox 643 2177 771 2249; x_wconf 87' lang='lat' dir='ltr'>propter</span> <span class='ocrx_word' id='word_1_110' title='bbox 791 2167 965 2228; x_wconf 82' lang='lat' dir='ltr'>incendium</span> <span class='ocrx_word' id='word_1_111' title='bbox 985 2166 1121 2233; x_wconf 80' lang='lat' dir='ltr'>Gslstees</span> <span class='ocrx_word' id='word_1_112' title='bbox 1159 2173 1212 2232; x_wconf 90' lang='lat' dir='ltr'>sed</span> 
     </span>
     <span class='ocr_line' id='line_1_22' title="bbox 508 2251 968 2334; baseline 0.004 -20"><span class='ocrx_word' id='word_1_113' title='bbox 508 2253 588 2314; x_wconf 86' lang='lat' dir='ltr'>nihil</span> <span class='ocrx_word' id='word_1_114' title='bbox 599 2253 782 2334; x_wconf 83' lang='lat' dir='ltr'>impetravit.</span> <span class='ocrx_word' id='word_1_115' title='bbox 824 2253 845 2316; x_wconf 82' lang='lat'>1.</span> <span class='ocrx_word' id='word_1_116' title='bbox 861 2251 882 2317; x_wconf 84' lang='grc'><strong>4</strong></span> <span class='ocrx_word' id='word_1_117' title='bbox 896 2272 921 2312; x_wconf 88' lang='lat' dir='ltr'>o.</span> <span class='ocrx_word' id='word_1_118' title='bbox 936 2257 968 2320; x_wconf 87' lang='grc'>6.</span> 
     </span>
    </p>
   </div>
   <div class='ocr_carea' id='block_1_4' title="bbox 505 2379 1213 3123">
    <p class='ocr_par' dir='ltr' id='par_1_14' title="bbox 505 2379 1213 3123">
     <span class='ocr_line' id='line_1_23' title="bbox 551 2379 1212 2461; baseline 0.003 -21"><span class='ocrx_word' id='word_1_119' title='bbox 551 2380 720 2461; x_wconf 71' lang='lat' dir='ltr'>Imperator</span> <span class='ocrx_word' id='word_1_120' title='bbox 741 2379 931 2440; x_wconf 80' lang='lat' dir='ltr'>Andronicus</span> <span class='ocrx_word' id='word_1_121' title='bbox 950 2379 1063 2440; x_wconf 80' lang='lat' dir='ltr'>frmtra</span> <span class='ocrx_word' id='word_1_122' title='bbox 1082 2389 1212 2442; x_wconf 82' lang='lat' dir='ltr'>conetur</span> 
     </span>
     <span class='ocr_line' id='line_1_24' title="bbox 509 2462 1213 2550; baseline 0.001 -23"><span class='ocrx_word' id='word_1_123' title='bbox 509 2467 671 2527; x_wconf 86' lang='lat' dir='ltr'>oonolliare</span> <span class='ocrx_word' id='word_1_124' title='bbox 689 2466 913 2526; x_wconf 84' lang='lat' dir='ltr'>matrimonium</span> <span class='ocrx_word' id='word_1_125' title='bbox 937 2462 1038 2527; x_wconf 74' lang='lat' dir='ltr'>Aluti</span> <span class='ocrx_word' id='word_1_126' title='bbox 1065 2468 1213 2550; x_wconf 84' lang='lat' dir='ltr'>principis</span> 
     </span>
     <span class='ocr_line' id='line_1_25' title="bbox 508 2551 1213 2635; baseline 0.006 -24"><span class='ocrx_word' id='word_1_127' title='bbox 508 2552 673 2627; x_wconf 69' lang='lat' dir='ltr'>moroni,</span> <span class='ocrx_word' id='word_1_128' title='bbox 702 2553 749 2611; x_wconf 90' lang='lat' dir='ltr'>sni</span> <span class='ocrx_word' id='word_1_129' title='bbox 771 2568 810 2611; x_wconf 80' lang='lat' dir='ltr'>ex</span> <span class='ocrx_word' id='word_1_130' title='bbox 828 2570 932 2613; x_wconf 85' lang='lat' dir='ltr'>sorore</span> <span class='ocrx_word' id='word_1_131' title='bbox 949 2551 1085 2633; x_wconf 81' lang='lat' dir='ltr'>nepotis,</span> <span class='ocrx_word' id='word_1_132' title='bbox 1107 2562 1138 2614; x_wconf 86' lang='lat' dir='ltr'>et</span> <span class='ocrx_word' id='word_1_133' title='bbox 1151 2574 1213 2635; x_wconf 87' lang='lat' dir='ltr'>pu·-</span> 
     </span>
     <span class='ocr_line' id='line_1_26' title="bbox 508 2636 1211 2718; baseline 0.003 -20"><span class='ocrx_word' id='word_1_134' title='bbox 508 2638 576 2717; x_wconf 89' lang='lat' dir='ltr'>pilli</span> <span class='ocrx_word' id='word_1_135' title='bbox 587 2646 765 2699; x_wconf 79' lang='lat' dir='ltr'>testamento</span> <span class='ocrx_word' id='word_1_136' title='bbox 778 2637 884 2716; x_wconf 86' lang='lat' dir='ltr'>patris,</span> <span class='ocrx_word' id='word_1_137' title='bbox 906 2655 976 2696; x_wconf 83' lang='lat' dir='ltr'>oum</span> <span class='ocrx_word' id='word_1_138' title='bbox 988 2636 1052 2695; x_wconf 83' lang='lat' dir='ltr'>filis</span> <span class='ocrx_word' id='word_1_139' title='bbox 1066 2640 1211 2718; x_wconf 82' lang='lat' dir='ltr'>preelecti</span> 
     </span>
     <span class='ocr_line' id='line_1_27' title="bbox 507 2721 1210 2803; baseline 0.001 -21"><span class='ocrx_word' id='word_1_140' title='bbox 507 2722 662 2796; x_wconf 82' lang='lat' dir='ltr'>canicleo,</span> <span class='ocrx_word' id='word_1_141' title='bbox 691 2730 722 2780; x_wconf 88' lang='lat' dir='ltr'>et</span> <span class='ocrx_word' id='word_1_142' title='bbox 744 2722 866 2779; x_wconf 82' lang='lat' dir='ltr'>irritare</span> <span class='ocrx_word' id='word_1_143' title='bbox 892 2721 959 2779; x_wconf 89' lang='lat' dir='ltr'>iura</span> <span class='ocrx_word' id='word_1_144' title='bbox 980 2724 1095 2781; x_wconf 87' lang='lat' dir='ltr'>tutorio</span> <span class='ocrx_word' id='word_1_145' title='bbox 1123 2724 1210 2803; x_wconf 85' lang='lat' dir='ltr'>prius</span> 
     </span>
     <span class='ocr_line' id='line_1_28' title="bbox 508 2801 1210 2883; baseline 0.006 -19"><span class='ocrx_word' id='word_1_146' title='bbox 508 2808 681 2883; x_wconf 74' lang='lat' dir='ltr'>coniugium</span> <span class='ocrx_word' id='word_1_147' title='bbox 693 2804 730 2863; x_wconf 89' lang='lat' dir='ltr'>sb</span> <span class='ocrx_word' id='word_1_148' title='bbox 746 2804 852 2863; x_wconf 86' lang='lat' dir='ltr'>eodem</span> <span class='ocrx_word' id='word_1_149' title='bbox 868 2801 975 2865; x_wconf 75' lang='lat' dir='ltr'>Alexio</span> <span class='ocrx_word' id='word_1_150' title='bbox 993 2804 1059 2865; x_wconf 80' lang='lat' dir='ltr'>siue</span> <span class='ocrx_word' id='word_1_151' title='bbox 1073 2808 1210 2868; x_wconf 77' lang='lat' dir='ltr'>auotori-</span> 
     </span>
     <span class='ocr_line' id='line_1_29' title="bbox 506 2886 1208 2953; baseline 0.004 -3"><span class='ocrx_word' id='word_1_152' title='bbox 506 2890 563 2950; x_wconf 83' lang='lat' dir='ltr'>bue</span> <span class='ocrx_word' id='word_1_153' title='bbox 589 2898 684 2948; x_wconf 75' lang='lat' dir='ltr'>matre</span> <span class='ocrx_word' id='word_1_154' title='bbox 703 2896 757 2947; x_wconf 90' lang='lat' dir='ltr'>aut</span> <span class='ocrx_word' id='word_1_155' title='bbox 769 2886 920 2947; x_wconf 77' lang='lat' dir='ltr'>avunculo</span> <span class='ocrx_word' id='word_1_156' title='bbox 935 2897 1125 2951; x_wconf 77' lang='lat' dir='ltr'>contr-uotum</span> <span class='ocrx_word' id='word_1_157' title='bbox 1139 2912 1208 2953; x_wconf 88' lang='lat' dir='ltr'>oum</span> 
     </span>
     <span class='ocr_line' id='line_1_30' title="bbox 507 2968 1209 3054; baseline 0.004 -20"><span class='ocrx_word' id='word_1_158' title='bbox 507 2974 636 3054; x_wconf 80' lang='lat' dir='ltr'>quedem</span> <span class='ocrx_word' id='word_1_159' title='bbox 650 2973 742 3031; x_wconf 85' lang='lat' dir='ltr'>unius</span> <span class='ocrx_word' id='word_1_160' title='bbox 768 2991 784 3032; x_wconf 87' lang='lat' dir='ltr'>e</span> <span class='ocrx_word' id='word_1_161' title='bbox 797 2968 982 3054; x_wconf 79' lang='lat' dir='ltr'>primoribus</span> <span class='ocrx_word' id='word_1_162' title='bbox 993 2972 1149 3039; x_wconf 81' lang='lat' dir='ltr'>iberorum</span> <span class='ocrx_word' id='word_1_163' title='bbox 1166 2976 1209 3037; x_wconf 84' lang='lat' dir='ltr'>fl-</span> 
     </span>
     <span class='ocr_line' id='line_1_31' title="bbox 505 3056 746 3123; baseline -0.004 -4"><span class='ocrx_word' id='word_1_164' title='bbox 505 3060 573 3120; x_wconf 62' lang='lat' dir='ltr'>lide*</span> <span class='ocrx_word' id='word_1_165' title='bbox 601 3059 623 3121; x_wconf 78' lang='lat' dir='ltr'>la</span> <span class='ocrx_word' id='word_1_166' title='bbox 637 3056 657 3121; x_wconf 72' lang='lat'>4</span> <span class='ocrx_word' id='word_1_167' title='bbox 670 3076 697 3120; x_wconf 75' lang='lat' dir='ltr'>c·</span> <span class='ocrx_word' id='word_1_168' title='bbox 715 3062 746 3123; x_wconf 72' lang='grc'>76</span> 
     </span>
    </p>
   </div>
   <div class='ocr_carea' id='block_1_5' title="bbox 503 3174 1208 3525">
    <p class='ocr_par' dir='ltr' id='par_1_15' title="bbox 503 3174 1208 3525">
     <span class='ocr_line' id='line_1_32' title="bbox 546 3174 1207 3265; baseline 0.006 -19"><span class='ocrx_word' id='word_1_169' title='bbox 546 3184 626 3247; x_wconf 88' lang='lat' dir='ltr'>Hino</span> <span class='ocrx_word' id='word_1_170' title='bbox 644 3174 778 3245; x_wconf 84' lang='lat' dir='ltr'>deiectus</span> <span class='ocrx_word' id='word_1_171' title='bbox 800 3183 1001 3265; x_wconf 75' lang='lat' dir='ltr'>nequidquam</span> <span class='ocrx_word' id='word_1_172' title='bbox 1017 3194 1114 3249; x_wconf 79' lang='lat' dir='ltr'>tentat</span> <span class='ocrx_word' id='word_1_173' title='bbox 1134 3208 1207 3249; x_wconf 76' lang='lat' dir='ltr'>eun·</span> 
     </span>
     <span class='ocr_line' id='line_1_33' title="bbox 505 3269 1208 3352; baseline 0.003 -19"><span class='ocrx_word' id='word_1_174' title='bbox 505 3270 571 3333; x_wconf 91' lang='lat' dir='ltr'>dem</span> <span class='ocrx_word' id='word_1_175' title='bbox 585 3270 729 3352; x_wconf 86' lang='lat' dir='ltr'>praefecti</span> <span class='ocrx_word' id='word_1_176' title='bbox 748 3269 882 3329; x_wconf 85' lang='lat' dir='ltr'>osnioleo</span> <span class='ocrx_word' id='word_1_177' title='bbox 903 3270 997 3331; x_wconf 86' lang='lat' dir='ltr'>lilium</span> <span class='ocrx_word' id='word_1_178' title='bbox 1011 3272 1158 3335; x_wconf 84' lang='lat' dir='ltr'>collocare</span> <span class='ocrx_word' id='word_1_179' title='bbox 1171 3276 1208 3335; x_wconf 77' lang='lat' dir='ltr'>fi-</span> 
     </span>
     <span class='ocr_line' id='line_1_34' title="bbox 503 3354 1206 3437; baseline 0.007 -20"><span class='ocrx_word' id='word_1_180' title='bbox 503 3358 546 3419; x_wconf 92' lang='lat' dir='ltr'>lio</span> <span class='ocrx_word' id='word_1_181' title='bbox 573 3378 628 3419; x_wconf 90' lang='lat' dir='ltr'>suo</span> <span class='ocrx_word' id='word_1_182' title='bbox 648 3356 754 3416; x_wconf 83' lang='lat' dir='ltr'>losoni</span> <span class='ocrx_word' id='word_1_183' title='bbox 780 3354 937 3437; x_wconf 84' lang='lat' dir='ltr'>despotae,</span> <span class='ocrx_word' id='word_1_184' title='bbox 971 3366 1067 3418; x_wconf 89' lang='lat' dir='ltr'>matre</span> <span class='ocrx_word' id='word_1_185' title='bbox 1088 3360 1206 3421; x_wconf 84' lang='lat' dir='ltr'>iuvenis</span> 
     </span>
     <span class='ocr_line' id='line_1_35' title="bbox 505 3434 1067 3525; baseline 0.002 -20"><span class='ocrx_word' id='word_1_186' title='bbox 505 3446 635 3525; x_wconf 78' lang='lat' dir='ltr'>Augusta</span> <span class='ocrx_word' id='word_1_187' title='bbox 650 3434 737 3501; x_wconf 83' lang='lat' dir='ltr'>irene</span> <span class='ocrx_word' id='word_1_188' title='bbox 751 3450 949 3523; x_wconf 76' lang='lat' dir='ltr'>repugnante.</span> <span class='ocrx_word' id='word_1_189' title='bbox 994 3440 1067 3507; x_wconf 86' lang='lat' dir='ltr'>ibid.</span> 
     </span>
    </p>
   </div>
   <div class='ocr_carea' id='block_1_6' title="bbox 502 3568 1309 3824">
    <p class='ocr_par' dir='ltr' id='par_1_16' title="bbox 502 3568 1309 3824">
     <span class='ocr_line' id='line_1_36' title="bbox 545 3568 1309 3655; baseline -0.007 -24"><span class='ocrx_word' id='word_1_190' title='bbox 545 3570 599 3631; x_wconf 86' lang='lat' dir='ltr'>Die</span> <span class='ocrx_word' id='word_1_191' title='bbox 614 3572 657 3633; x_wconf 74' lang='lat'>22</span> <span class='ocrx_word' id='word_1_192' title='bbox 672 3569 850 3629; x_wconf 83' lang='lat' dir='ltr'>Novembris</span> <span class='ocrx_word' id='word_1_193' title='bbox 864 3568 1058 3635; x_wconf 76' lang='lat' dir='ltr'>Andronicus</span> <span class='ocrx_word' id='word_1_194' title='bbox 1067 3571 1201 3655; x_wconf 61' lang='lat' dir='ltr'>imperia</span> <span class='ocrx_word' id='word_1_195' title='bbox 1219 3568 1242 3623; x_wconf 86' lang='lat' dir='ltr'><strong>P</strong></span> <span class='ocrx_word' id='word_1_196' title='bbox 1259 3568 1309 3627; x_wconf 78' lang='lat'>610</span> 
     </span>
     <span class='ocr_line' id='line_1_37' title="bbox 502 3654 1204 3719; baseline 0.003 -2"><span class='ocrx_word' id='word_1_197' title='bbox 502 3666 551 3717; x_wconf 88' lang='lat' dir='ltr'>tor</span> <span class='ocrx_word' id='word_1_198' title='bbox 565 3678 582 3717; x_wconf 90' lang='lat' dir='ltr'>e</span> <span class='ocrx_word' id='word_1_199' title='bbox 600 3654 754 3716; x_wconf 71' lang='lat' dir='ltr'>Thessalia</span> <span class='ocrx_word' id='word_1_200' title='bbox 770 3654 868 3714; x_wconf 86' lang='lat' dir='ltr'>redux</span> <span class='ocrx_word' id='word_1_201' title='bbox 887 3655 921 3713; x_wconf 90' lang='lat' dir='ltr'>in</span> <span class='ocrx_word' id='word_1_202' title='bbox 935 3654 1040 3717; x_wconf 88' lang='lat' dir='ltr'>urbem</span> <span class='ocrx_word' id='word_1_203' title='bbox 1054 3658 1204 3719; x_wconf 81' lang='lat' dir='ltr'>Constan-</span> 
     </span>
     <span class='ocr_line' id='line_1_38' title="bbox 502 3739 1203 3824; baseline 0.004 -22"><span class='ocrx_word' id='word_1_204' title='bbox 502 3744 663 3824; x_wconf 88' lang='lat' dir='ltr'>tinopolim</span> <span class='ocrx_word' id='word_1_205' title='bbox 681 3739 808 3800; x_wconf 86' lang='lat' dir='ltr'>solemni</span> <span class='ocrx_word' id='word_1_206' title='bbox 831 3760 960 3801; x_wconf 88' lang='lat' dir='ltr'>occursu</span> <span class='ocrx_word' id='word_1_207' title='bbox 983 3743 1122 3806; x_wconf 83' lang='lat' dir='ltr'>invectus</span> <span class='ocrx_word' id='word_1_208' title='bbox 1147 3754 1203 3805; x_wconf 84' lang='lat' dir='ltr'>est.</span> 
     </span>
    </p>
   </div>
   <div class='ocr_carea' id='block_1_7' title="bbox 500 3827 641 3895">
    <p class='ocr_par' dir='ltr' id='par_1_17' title="bbox 500 3827 641 3895">
     <span class='ocr_line' id='line_1_39' title="bbox 500 3827 641 3895; baseline 0.043 -8"><span class='ocrx_word' id='word_1_209' title='bbox 500 3827 641 3895; x_wconf 67' lang='lat' dir='ltr'>lto&amp;</span> 
     </span>
    </p>
   </div>
   <div class='ocr_carea' id='block_1_8' title="bbox 328 3954 1202 4376">
    <p class='ocr_par' dir='ltr' id='par_1_18' title="bbox 545 3954 1202 4042">
     <span class='ocr_line' id='line_1_40' title="bbox 545 3954 1202 4042; baseline 0.014 -28"><span class='ocrx_word' id='word_1_210' title='bbox 545 3956 654 4015; x_wconf 79' lang='lat' dir='ltr'>Atmsn</span> <span class='ocrx_word' id='word_1_211' title='bbox 679 3954 836 4019; x_wconf 74' lang='lat' dir='ltr'>Persarum</span> <span class='ocrx_word' id='word_1_212' title='bbox 859 3968 996 4042; x_wconf 84' lang='lat' dir='ltr'>satrspa‚</span> <span class='ocrx_word' id='word_1_213' title='bbox 1024 3956 1090 4022; x_wconf 81' lang='lat' dir='ltr'>eliis</span> <span class='ocrx_word' id='word_1_214' title='bbox 1106 3960 1202 4023; x_wconf 84' lang='lat' dir='ltr'>Otto-</span> 
     </span>
    </p>

    <p class='ocr_par' dir='ltr' id='par_1_19' title="bbox 501 4042 1201 4121">
     <span class='ocr_line' id='line_1_41' title="bbox 501 4042 1201 4121; baseline 0.014 -22"><span class='ocrx_word' id='word_1_215' title='bbox 501 4058 602 4101; x_wconf 86' lang='lat' dir='ltr'>msnes</span> <span class='ocrx_word' id='word_1_216' title='bbox 620 4042 737 4121; x_wconf 84' lang='lat' dir='ltr'>dictus,</span> <span class='ocrx_word' id='word_1_217' title='bbox 773 4054 878 4105; x_wconf 87' lang='lat' dir='ltr'>suctor</span> <span class='ocrx_word' id='word_1_218' title='bbox 903 4044 1010 4106; x_wconf 90' lang='lat' dir='ltr'>domus</span> <span class='ocrx_word' id='word_1_219' title='bbox 1033 4044 1125 4107; x_wconf 86' lang='lat' dir='ltr'>hodie</span> <span class='ocrx_word' id='word_1_220' title='bbox 1144 4068 1201 4109; x_wconf 84' lang='lat' dir='ltr'>re·</span> 
     </span>
    </p>

    <p class='ocr_par' dir='ltr' id='par_1_20' title="bbox 328 4119 1201 4376">
     <span class='ocr_line' id='line_1_42' title="bbox 328 4119 1199 4376; baseline 0.014 -194"><span class='ocrx_word' id='word_1_221' title='bbox 328 4119 336 4376; x_wconf 67' lang='lat' dir='ltr'>p</span> <span class='ocrx_word' id='word_1_222' title='bbox 499 4128 619 4205; x_wconf 81' lang='lat' dir='ltr'>gnsntls</span> <span class='ocrx_word' id='word_1_223' title='bbox 641 4130 720 4210; x_wconf 80' lang='lat' dir='ltr'>apud</span> <span class='ocrx_word' id='word_1_224' title='bbox 747 4121 878 4205; x_wconf 82' lang='lat' dir='ltr'>Turoos,</span> <span class='ocrx_word' id='word_1_225' title='bbox 900 4130 1057 4191; x_wconf 81' lang='lat' dir='ltr'>invalescit</span> <span class='ocrx_word' id='word_1_226' title='bbox 1080 4132 1199 4214; x_wconf 86' lang='lat' dir='ltr'>opibus,</span> 
     </span>
     <span class='ocr_line' id='line_1_43' title="bbox 500 4212 1201 4297; baseline 0.014 -28"><span class='ocrx_word' id='word_1_227' title='bbox 500 4212 648 4273; x_wconf 81' lang='lat' dir='ltr'>adiunctis</span> <span class='ocrx_word' id='word_1_228' title='bbox 660 4214 718 4274; x_wconf 88' lang='lat' dir='ltr'>sibi</span> <span class='ocrx_word' id='word_1_229' title='bbox 731 4214 900 4275; x_wconf 87' lang='lat' dir='ltr'>numerosis</span> <span class='ocrx_word' id='word_1_230' title='bbox 914 4216 1009 4297; x_wconf 81' lang='lat' dir='ltr'>copiis</span> <span class='ocrx_word' id='word_1_231' title='bbox 1024 4216 1170 4281; x_wconf 81' lang='lat' dir='ltr'>ferocium</span> <span class='ocrx_word' id='word_1_232' title='bbox 1183 4239 1201 4279; x_wconf 87' lang='lat' dir='ltr'>e</span> 
     </span>
    </p>
   </div>
   <div class='ocr_carea' id='block_1_9' title="bbox 29 4292 1087 4499">
    <p class='ocr_par' dir='ltr' id='par_1_21' title="bbox 29 4292 1087 4499">
     <span class='ocr_line' id='line_1_44' title="bbox 500 4292 1087 4380; baseline 0.012 -23"><span class='ocrx_word' id='word_1_233' title='bbox 500 4292 703 4380; x_wconf 71' lang='lat' dir='ltr'>Paphlagonia</span> <span class='ocrx_word' id='word_1_234' title='bbox 716 4298 879 4362; x_wconf 76' lang='lat' dir='ltr'>latronum.</span> <span class='ocrx_word' id='word_1_235' title='bbox 921 4298 945 4364; x_wconf 88' lang='lat' dir='ltr'>l.</span> <span class='ocrx_word' id='word_1_236' title='bbox 959 4300 981 4365; x_wconf 73' lang='lat'>4</span> <span class='ocrx_word' id='word_1_237' title='bbox 994 4322 1021 4361; x_wconf 88' lang='lat' dir='ltr'>o.</span> <span class='ocrx_word' id='word_1_238' title='bbox 1034 4301 1087 4367; x_wconf 81' lang='lat'>25.</span> 
     </span>
     <span class='ocr_line' id='line_1_45' title="bbox 29 4416 993 4499; baseline 0.013 -26"><span class='ocrx_word' id='word_1_239' title='bbox 29 4440 53 4499; x_wconf 56' lang='lat' dir='ltr'>:s</span> <span class='ocrx_word' id='word_1_240' title='bbox 150 4422 273 4491; x_wconf 80' lang='lat' dir='ltr'>Georgius</span> <span class='ocrx_word' id='word_1_241' title='bbox 294 4419 465 4493; x_wconf 76' lang='lat' dir='ltr'>l’oslsproerea</span> <span class='ocrx_word' id='word_1_242' title='bbox 487 4418 525 4477; x_wconf 80' lang='lat' dir='ltr'>ll.</span> <span class='ocrx_word' id='word_1_243' title='bbox 951 4416 993 4486; x_wconf 71' lang='grc'>64</span> 
     </span>
    </p>
   </div>
   <div class='ocr_carea' id='block_1_10' title="bbox 36 4366 45 4403">
    <p class='ocr_par' dir='ltr' id='par_1_22' title="bbox 36 4366 45 4403">
     <span class='ocr_line' id='line_1_46' title="bbox 36 4366 45 4403; baseline 0 0"><span class='ocrx_word' id='word_1_244' title='bbox 36 4366 45 4403; x_wconf 74' lang='lat' dir='ltr'>t</span> 
     </span>
    </p>
   </div>
   <div class='ocr_carea' id='block_1_11' title="bbox 0 0 1510 4900">
    <p class='ocr_par' dir='ltr' id='par_1_23' title="bbox 0 0 1510 4900">
     <span class='ocr_line' id='line_1_47' title="bbox 0 0 1510 4900; baseline 0 7"><span class='ocrx_word' id='word_1_245' title='bbox 0 0 1510 4900; x_wconf 95' lang='lat' dir='ltr'> </span> 
     </span>
    </p>
   </div>
  </div>
 </body>
</html>
