<?xml version="1.0" encoding="UTF-8"?>
<!DOCTYPE html PUBLIC "-//W3C//DTD XHTML 1.0 Transitional//EN"
    "http://www.w3.org/TR/xhtml1/DTD/xhtml1-transitional.dtd">
<html xmlns="http://www.w3.org/1999/xhtml" xml:lang="en" lang="en">
 <head>
  <title>
</title>
<meta http-equiv="Content-Type" content="text/html;charset=utf-8" />
  <meta name='ocr-system' content='tesseract 3.04.00' />
  <meta name='ocr-capabilities' content='ocr_page ocr_carea ocr_par ocr_line ocrx_word'/>
</head>
<body>
  <div class='ocr_page' id='page_1' title='image "./corpusscriptoru69theogoog_0297.png"; bbox 0 0 3009 4900; ppageno 0'>
   <div class='ocr_carea' id='block_1_1' title="bbox 226 260 1069 333">
    <p class='ocr_par' dir='ltr' id='par_1_1' title="bbox 226 260 1069 333">
     <span class='ocr_line' id='line_1_1' title="bbox 226 260 1069 333; baseline -0.005 -2"><span class='ocrx_word' id='word_1_1' title='bbox 226 261 301 333; x_wconf 78' lang='lat'>28⁰</span> <span class='ocrx_word' id='word_1_2' title='bbox 539 260 718 329; x_wconf 87' lang='lat' dir='ltr'>GEORGH</span> <span class='ocrx_word' id='word_1_3' title='bbox 741 260 1007 329; x_wconf 78' lang='lat' dir='ltr'><strong>PAGHYMERIS</strong></span> <span class='ocrx_word' id='word_1_4' title='bbox 1063 290 1069 301; x_wconf 94' lang='lat'><em>·</em></span> 
     </span>
    </p>
   </div>
   <div class='ocr_carea' id='block_1_2' title="bbox 120 425 1365 2173">
    <p class='ocr_par' dir='ltr' id='par_1_2' title="bbox 187 425 1324 725">
     <span class='ocr_line' id='line_1_2' title="bbox 187 425 1324 521; baseline 0.004 -26"><span class='ocrx_word' id='word_1_5' title='bbox 187 440 212 495; x_wconf 81' lang='lat' dir='ltr'>a</span> <span class='ocrx_word' id='word_1_6' title='bbox 229 432 282 521; x_wconf 86' lang='grc' dir='ltr'>γδς</span> <span class='ocrx_word' id='word_1_7' title='bbox 308 431 459 520; x_wconf 61' lang='lat' dir='ltr'>Only-spice</span> <span class='ocrx_word' id='word_1_8' title='bbox 480 425 574 517; x_wconf 79' lang='grc' dir='ltr'>κόρην</span> <span class='ocrx_word' id='word_1_9' title='bbox 579 481 590 512; x_wconf 99' lang='grc'>,</span> <span class='ocrx_word' id='word_1_10' title='bbox 619 432 701 499; x_wconf 76' lang='grc' dir='ltr'>κατὰ</span> <span class='ocrx_word' id='word_1_11' title='bbox 712 432 819 517; x_wconf 69' lang='grc' dir='ltr'>χρείαν</span> <span class='ocrx_word' id='word_1_12' title='bbox 834 441 899 509; x_wconf 78' lang='grc' dir='ltr'>τοῖς</span> <span class='ocrx_word' id='word_1_13' title='bbox 912 438 969 516; x_wconf 80' lang='grc' dir='ltr'>τῆς</span> <span class='ocrx_word' id='word_1_14' title='bbox 989 430 1122 518; x_wconf 75' lang='grc' dir='ltr'>Σερβλας</span> <span class='ocrx_word' id='word_1_15' title='bbox 1136 426 1244 510; x_wconf 82' lang='grc' dir='ltr'>τιλιτοις</span> <span class='ocrx_word' id='word_1_16' title='bbox 1259 434 1324 499; x_wconf 72' lang='lat' dir='ltr'>lur-</span> 
     </span>
     <span class='ocr_line' id='line_1_3' title="bbox 225 534 1321 623; baseline 0.002 -22"><span class='ocrx_word' id='word_1_17' title='bbox 225 543 344 603; x_wconf 79' lang='grc' dir='ltr'>στᾶσαν</span> <span class='ocrx_word' id='word_1_18' title='bbox 366 537 417 601; x_wconf 87' lang='grc' dir='ltr'>καλ</span> <span class='ocrx_word' id='word_1_19' title='bbox 436 534 476 601; x_wconf 77' lang='lat' dir='ltr'>adr</span> <span class='ocrx_word' id='word_1_20' title='bbox 493 536 645 618; x_wconf 83' lang='grc' dir='ltr'>μοναχικολ</span> <span class='ocrx_word' id='word_1_21' title='bbox 659 534 868 623; x_wconf 66' lang='grc' dir='ltr'><strong><em>ἠμφιεσμένην</em></strong></span> <span class='ocrx_word' id='word_1_22' title='bbox 891 540 1041 621; x_wconf 84' lang='grc' dir='ltr'>νιορνικῶς</span> <span class='ocrx_word' id='word_1_23' title='bbox 1054 540 1178 619; x_wconf 84' lang='grc' dir='ltr'>γνῶναι.</span> <span class='ocrx_word' id='word_1_24' title='bbox 1229 536 1321 603; x_wconf 80' lang='grc' dir='ltr'>ταῦτ’</span> 
     </span>
     <span class='ocr_line' id='line_1_4' title="bbox 227 634 1323 725; baseline 0.004 -20"><span class='ocrx_word' id='word_1_25' title='bbox 227 642 270 717; x_wconf 71' lang='grc' dir='ltr'>εἷς</span> <span class='ocrx_word' id='word_1_26' title='bbox 281 636 315 705; x_wconf 67' lang='grc' dir='ltr'>ἓν</span> <span class='ocrx_word' id='word_1_27' title='bbox 329 634 522 724; x_wconf 77' lang='grc' dir='ltr'>συναγόμενα</span> <span class='ocrx_word' id='word_1_28' title='bbox 536 635 675 723; x_wconf 78' lang='grc' dir='ltr'>αι’·τοίρκη</span> <span class='ocrx_word' id='word_1_29' title='bbox 690 645 730 725; x_wconf 77' lang='grc' dir='ltr'>τῇ</span> <span class='ocrx_word' id='word_1_30' title='bbox 747 636 854 725; x_wconf 76' lang='grc' dir='ltr'>πράξει</span> <span class='ocrx_word' id='word_1_31' title='bbox 867 638 1098 723; x_wconf 76' lang='grc' dir='ltr'>προσίστασθαι</span> <span class='ocrx_word' id='word_1_32' title='bbox 1112 640 1323 725; x_wconf 77' lang='grc' dir='ltr'>κατεφαίνετο.</span> 
     </span>
    </p>

    <p class='ocr_par' dir='ltr' id='par_1_3' title="bbox 224 737 1347 1036">
     <span class='ocr_line' id='line_1_5' title="bbox 225 737 1322 831; baseline 0.001 -23"><span class='ocrx_word' id='word_1_33' title='bbox 225 740 243 808; x_wconf 81' lang='grc' dir='ltr'>ὅ</span> <span class='ocrx_word' id='word_1_34' title='bbox 256 748 331 829; x_wconf 78' lang='grc' dir='ltr'>γοῦν</span> <span class='ocrx_word' id='word_1_35' title='bbox 343 742 489 825; x_wconf 73' lang='grc' dir='ltr'>βασιλευς</span> <span class='ocrx_word' id='word_1_36' title='bbox 501 740 554 806; x_wconf 82' lang='grc' dir='ltr'>διδ</span> <span class='ocrx_word' id='word_1_37' title='bbox 567 748 667 807; x_wconf 81' lang='grc' dir='ltr'>ταῦτα</span> <span class='ocrx_word' id='word_1_38' title='bbox 675 788 687 822; x_wconf 92' lang='grc'>,</span> <span class='ocrx_word' id='word_1_39' title='bbox 715 738 781 824; x_wconf 80' lang='grc' dir='ltr'>ἅμα</span> <span class='ocrx_word' id='word_1_40' title='bbox 795 744 851 823; x_wconf 72' lang='grc' dir='ltr'>μὲν</span> <span class='ocrx_word' id='word_1_41' title='bbox 867 741 906 807; x_wconf 88' lang='grc' dir='ltr'>τιλ</span> <span class='ocrx_word' id='word_1_42' title='bbox 920 740 1020 809; x_wconf 76' lang='grc' dir='ltr'>πολλοὶ</span> <span class='ocrx_word' id='word_1_43' title='bbox 1034 737 1234 831; x_wconf 74' lang='grc' dir='ltr'>θεραπεύων,</span> <span class='ocrx_word' id='word_1_44' title='bbox 1254 740 1322 825; x_wconf 83' lang='grc' dir='ltr'>ἅμα</span> 
     </span>
     <span class='ocr_line' id='line_1_6' title="bbox 225 840 1347 933; baseline 0 -22"><span class='ocrx_word' id='word_1_45' title='bbox 225 845 262 911; x_wconf 71' lang='grc' dir='ltr'>δέ</span> <span class='ocrx_word' id='word_1_46' title='bbox 278 872 312 932; x_wconf 80' lang='grc' dir='ltr'>γε</span> <span class='ocrx_word' id='word_1_47' title='bbox 331 847 381 912; x_wconf 85' lang='grc' dir='ltr'>καλ</span> <span class='ocrx_word' id='word_1_48' title='bbox 405 841 596 933; x_wconf 78' lang='grc' dir='ltr'>λογιζόμενος</span> <span class='ocrx_word' id='word_1_49' title='bbox 619 842 661 921; x_wconf 78' lang='grc' dir='ltr'>ὥς</span> <span class='ocrx_word' id='word_1_50' title='bbox 681 844 713 910; x_wconf 81' lang='grc' dir='ltr'>εἷ’</span> <span class='ocrx_word' id='word_1_51' title='bbox 728 869 758 910; x_wconf 90' lang='grc' dir='ltr'>τι</span> <span class='ocrx_word' id='word_1_52' title='bbox 783 846 834 909; x_wconf 83' lang='grc' dir='ltr'>καλ</span> <span class='ocrx_word' id='word_1_53' title='bbox 857 840 1122 930; x_wconf 79' lang='grc' dir='ltr'>ααρασαονδοληὸ</span> <span class='ocrx_word' id='word_1_54' title='bbox 1143 840 1257 931; x_wconf 80' lang='grc' dir='ltr'>νράλης</span> <span class='ocrx_word' id='word_1_55' title='bbox 1272 848 1347 921; x_wconf 75' lang='lat' dir='ltr'>lnl5</span> 
     </span>
     <span class='ocr_line' id='line_1_7' title="bbox 224 946 1322 1036; baseline -0.002 -21"><span class='ocrx_word' id='word_1_56' title='bbox 224 960 289 1027; x_wconf 76' lang='grc' dir='ltr'>τοῖς</span> <span class='ocrx_word' id='word_1_57' title='bbox 308 949 513 1035; x_wconf 70' lang='grc' dir='ltr'>συγκειμένοις</span> <span class='ocrx_word' id='word_1_58' title='bbox 534 947 619 1036; x_wconf 75' lang='grc' dir='ltr'>αὐτῷ</span> <span class='ocrx_word' id='word_1_59' title='bbox 639 972 672 1013; x_wconf 85' lang='grc' dir='ltr'>τε</span> <span class='ocrx_word' id='word_1_60' title='bbox 693 950 744 1013; x_wconf 79' lang='grc' dir='ltr'>καὶ</span> <span class='ocrx_word' id='word_1_61' title='bbox 759 953 913 1034; x_wconf 79' lang='grc' dir='ltr'>Τερτερῇ,</span> <span class='ocrx_word' id='word_1_62' title='bbox 942 946 1032 1013; x_wconf 65' lang='lat' dir='ltr'>otto</span> <span class='ocrx_word' id='word_1_63' title='bbox 1050 948 1163 1013; x_wconf 77' lang='lat' dir='ltr'>letires</span> <span class='ocrx_word' id='word_1_64' title='bbox 1179 958 1269 1031; x_wconf 86' lang='grc' dir='ltr'>μῖσος</span> <span class='ocrx_word' id='word_1_65' title='bbox 1283 956 1322 1036; x_wconf 78' lang='grc' dir='ltr'>τῇ</span> 
     </span>
    </p>

    <p class='ocr_par' dir='ltr' id='par_1_4' title="bbox 120 1046 1365 1547">
     <span class='ocr_line' id='line_1_8' title="bbox 120 1046 1323 1145; baseline 0.002 -32"><span class='ocrx_word' id='word_1_66' title='bbox 120 1062 141 1113; x_wconf 85' lang='grc' dir='ltr'><strong>Ρ</strong></span> <span class='ocrx_word' id='word_1_67' title='bbox 160 1064 210 1118; x_wconf 77' lang='lat'>19³</span> <span class='ocrx_word' id='word_1_68' title='bbox 227 1052 373 1145; x_wconf 69' lang='grc' dir='ltr'>ἐκκλησίᾳ</span> <span class='ocrx_word' id='word_1_69' title='bbox 393 1052 439 1135; x_wconf 76' lang='grc' dir='ltr'>μὴ</span> <span class='ocrx_word' id='word_1_70' title='bbox 455 1047 590 1136; x_wconf 76' lang='grc' dir='ltr'>ἀνάγκην</span> <span class='ocrx_word' id='word_1_71' title='bbox 605 1046 718 1138; x_wconf 70' lang='grc' dir='ltr'>ἐχούσῃ</span> <span class='ocrx_word' id='word_1_72' title='bbox 735 1050 816 1117; x_wconf 73' lang='grc' dir='ltr'>καθ’</span> <span class='ocrx_word' id='word_1_73' title='bbox 833 1051 916 1137; x_wconf 72' lang='grc' dir='ltr'>ἱερὰς</span> <span class='ocrx_word' id='word_1_74' title='bbox 928 1049 1049 1127; x_wconf 76' lang='grc' dir='ltr'>τελετὰς</span> <span class='ocrx_word' id='word_1_75' title='bbox 1063 1049 1114 1115; x_wconf 82' lang='grc' dir='ltr'>διὰ</span> <span class='ocrx_word' id='word_1_76' title='bbox 1127 1048 1182 1133; x_wconf 78' lang='grc' dir='ltr'>τὴν</span> <span class='ocrx_word' id='word_1_77' title='bbox 1197 1049 1323 1134; x_wconf 77' lang='grc' dir='ltr'>ἀμιξίαν</span> 
     </span>
     <span class='ocr_line' id='line_1_9' title="bbox 223 1149 1321 1239; baseline -0.001 -18"><span class='ocrx_word' id='word_1_78' title='bbox 223 1156 337 1221; x_wconf 73' lang='grc' dir='ltr'>λκείνου</span> <span class='ocrx_word' id='word_1_79' title='bbox 359 1149 606 1239; x_wconf 74' lang='grc' dir='ltr'>μιμνήσκεσθαι,</span> <span class='ocrx_word' id='word_1_80' title='bbox 639 1154 691 1218; x_wconf 80' lang='grc' dir='ltr'>διὰ</span> <span class='ocrx_word' id='word_1_81' title='bbox 713 1160 815 1219; x_wconf 82' lang='grc' dir='ltr'>ταῦτα</span> <span class='ocrx_word' id='word_1_82' title='bbox 835 1158 967 1239; x_wconf 76' lang='grc' dir='ltr'>θαρρῶν</span> <span class='ocrx_word' id='word_1_83' title='bbox 987 1149 1035 1229; x_wconf 81' lang='grc' dir='ltr'>οἷς</span> <span class='ocrx_word' id='word_1_84' title='bbox 1055 1154 1222 1238; x_wconf 77' lang='grc' dir='ltr'>ἐλογίζετο,</span> <span class='ocrx_word' id='word_1_85' title='bbox 1250 1152 1321 1220; x_wconf 71' lang='grc' dir='ltr'>οὔτ’</span> 
     </span>
     <span class='ocr_line' id='line_1_10' title="bbox 226 1252 1324 1346; baseline -0.003 -22"><span class='ocrx_word' id='word_1_86' title='bbox 226 1260 382 1326; x_wconf 69' lang='grc' dir='ltr'>ἐκοινοῦτο</span> <span class='ocrx_word' id='word_1_87' title='bbox 412 1263 457 1346; x_wconf 75' lang='lat' dir='ltr'>cpi</span> <span class='ocrx_word' id='word_1_88' title='bbox 481 1252 662 1343; x_wconf 76' lang='grc' dir='ltr'>νιατριιλρχγ.</span> <span class='ocrx_word' id='word_1_89' title='bbox 683 1256 739 1341; x_wconf 80' lang='grc' dir='ltr'>τὴν</span> <span class='ocrx_word' id='word_1_90' title='bbox 769 1260 881 1343; x_wconf 86' lang='grc' dir='ltr'>νιρᾶξιν</span> <span class='ocrx_word' id='word_1_91' title='bbox 899 1259 951 1322; x_wconf 84' lang='grc' dir='ltr'>καλ</span> <span class='ocrx_word' id='word_1_92' title='bbox 972 1253 1057 1333; x_wconf 81' lang='grc' dir='ltr'>ὅλαις</span> <span class='ocrx_word' id='word_1_93' title='bbox 1083 1252 1193 1342; x_wconf 79' lang='grc' dir='ltr'>ὃρμαῖς</span> <span class='ocrx_word' id='word_1_94' title='bbox 1218 1253 1324 1345; x_wconf 69' lang='grc' dir='ltr'>ἔχαλρει</span> 
     </span>
     <span class='ocr_line' id='line_1_11' title="bbox 222 1350 1365 1447; baseline 0.002 -21"><span class='ocrx_word' id='word_1_95' title='bbox 222 1356 467 1445; x_wconf 76' lang='grc' dir='ltr'>διαπραξόμενος</span> <span class='ocrx_word' id='word_1_96' title='bbox 481 1358 518 1425; x_wconf 82' lang='grc' dir='ltr'>τὸ</span> <span class='ocrx_word' id='word_1_97' title='bbox 531 1355 742 1447; x_wconf 74' lang='grc' dir='ltr'>συνάλλαγμα</span> <span class='ocrx_word' id='word_1_98' title='bbox 795 1356 989 1447; x_wconf 77' lang='grc' dir='ltr'>πατριάρχης</span> <span class='ocrx_word' id='word_1_99' title='bbox 1003 1361 1022 1425; x_wconf 90' lang='lat' dir='ltr'>d</span> <span class='ocrx_word' id='word_1_100' title='bbox 1026 1358 1036 1384; x_wconf 78' lang='lat'><strong>³</strong></span> <span class='ocrx_word' id='word_1_101' title='bbox 1058 1350 1152 1435; x_wconf 73' lang='grc' dir='ltr'>αὖθις</span> <span class='ocrx_word' id='word_1_102' title='bbox 1168 1355 1322 1445; x_wconf 77' lang='grc' dir='ltr'>δβριονια-</span> <span class='ocrx_word' id='word_1_103' title='bbox 1332 1376 1365 1430; x_wconf 88' lang='grc'>10</span> 
     </span>
     <span class='ocr_line' id='line_1_12' title="bbox 223 1459 1324 1547; baseline -0.002 -18"><span class='ocrx_word' id='word_1_104' title='bbox 223 1470 295 1529; x_wconf 78' lang='grc' dir='ltr'>θῶν</span> <span class='ocrx_word' id='word_1_105' title='bbox 316 1462 391 1539; x_wconf 71' lang='grc' dir='ltr'>ἴσως</span> <span class='ocrx_word' id='word_1_106' title='bbox 408 1459 696 1547; x_wconf 70' lang='grc' dir='ltr'>ιλπτρφρονοιλμενος</span> <span class='ocrx_word' id='word_1_107' title='bbox 709 1465 743 1529; x_wconf 74' lang='grc' dir='ltr'>ἓν</span> <span class='ocrx_word' id='word_1_108' title='bbox 763 1461 915 1540; x_wconf 71' lang='grc' dir='ltr'>τοιούτοις</span> <span class='ocrx_word' id='word_1_109' title='bbox 935 1459 981 1539; x_wconf 75' lang='grc' dir='ltr'>οἷς</span> <span class='ocrx_word' id='word_1_110' title='bbox 995 1465 1176 1544; x_wconf 77' lang='grc' dir='ltr'>καὶμᾶλλον</span> <span class='ocrx_word' id='word_1_111' title='bbox 1192 1460 1252 1527; x_wconf 77' lang='lat' dir='ltr'>illes</span> <span class='ocrx_word' id='word_1_112' title='bbox 1265 1469 1324 1547; x_wconf 80' lang='grc' dir='ltr'>τῆς</span> 
     </span>
    </p>

    <p class='ocr_par' dir='ltr' id='par_1_5' title="bbox 185 1560 1362 2066">
     <span class='ocr_line' id='line_1_13' title="bbox 185 1560 1321 1651; baseline -0.002 -18"><span class='ocrx_word' id='word_1_113' title='bbox 185 1564 324 1633; x_wconf 67' lang='lat' dir='ltr'>Balteo</span> <span class='ocrx_word' id='word_1_114' title='bbox 344 1562 483 1651; x_wconf 80' lang='grc' dir='ltr'>γνώμης,</span> <span class='ocrx_word' id='word_1_115' title='bbox 509 1568 609 1631; x_wconf 82' lang='grc' dir='ltr'>δοκῶν</span> <span class='ocrx_word' id='word_1_116' title='bbox 630 1567 665 1631; x_wconf 79' lang='lat' dir='ltr'>dl</span> <span class='ocrx_word' id='word_1_117' title='bbox 683 1568 738 1631; x_wconf 79' lang='lat' dir='ltr'>acl</span> <span class='ocrx_word' id='word_1_118' title='bbox 756 1591 788 1631; x_wconf 93' lang='grc' dir='ltr'>τι</span> <span class='ocrx_word' id='word_1_119' title='bbox 809 1566 903 1651; x_wconf 65' lang='grc' dir='ltr'>λέγειν</span> <span class='ocrx_word' id='word_1_120' title='bbox 922 1564 1007 1642; x_wconf 73' lang='grc' dir='ltr'>ἄξιον</span> <span class='ocrx_word' id='word_1_121' title='bbox 1033 1564 1076 1641; x_wconf 73' lang='grc' dir='ltr'>εἰς</span> <span class='ocrx_word' id='word_1_122' title='bbox 1088 1564 1122 1631; x_wconf 78' lang='lat' dir='ltr'>td</span> <span class='ocrx_word' id='word_1_123' title='bbox 1145 1566 1195 1629; x_wconf 86' lang='grc' dir='ltr'>καλ</span> <span class='ocrx_word' id='word_1_124' title='bbox 1210 1560 1321 1631; x_wconf 73' lang='grc' dir='ltr'>ἑαυτὸν</span> 
     </span>
     <span class='ocr_line' id='line_1_14' title="bbox 223 1658 1320 1753; baseline 0.003 -20"><span class='ocrx_word' id='word_1_125' title='bbox 223 1664 374 1736; x_wconf 77' lang='grc' dir='ltr'>δεικνιλναι</span> <span class='ocrx_word' id='word_1_126' title='bbox 391 1678 525 1751; x_wconf 79' lang='grc' dir='ltr'>μετεῖναι</span> <span class='ocrx_word' id='word_1_127' title='bbox 545 1665 780 1747; x_wconf 76' lang='grc' dir='ltr'>τῶντοιούτων</span> <span class='ocrx_word' id='word_1_128' title='bbox 799 1668 856 1753; x_wconf 75' lang='grc' dir='ltr'>οὐχ</span> <span class='ocrx_word' id='word_1_129' title='bbox 880 1660 994 1753; x_wconf 77' lang='grc' dir='ltr'>ἦττον,</span> <span class='ocrx_word' id='word_1_130' title='bbox 1027 1658 1128 1733; x_wconf 48' lang='grc' dir='ltr'>’καίτοι</span> <span class='ocrx_word' id='word_1_131' title='bbox 1144 1692 1176 1752; x_wconf 84' lang='grc' dir='ltr'>γε</span> <span class='ocrx_word' id='word_1_132' title='bbox 1192 1670 1320 1735; x_wconf 80' lang='grc' dir='ltr'>καὶτῶν</span> 
     </span>
     <span class='ocr_line' id='line_1_15' title="bbox 222 1767 1321 1858; baseline 0.001 -22"><span class='ocrx_word' id='word_1_133' title='bbox 222 1772 336 1856; x_wconf 74' lang='grc' dir='ltr'>δνοχῶν</span> <span class='ocrx_word' id='word_1_134' title='bbox 351 1770 432 1849; x_wconf 70' lang='lat' dir='ltr'>dulc</span> <span class='ocrx_word' id='word_1_135' title='bbox 445 1770 502 1854; x_wconf 79' lang='grc' dir='ltr'>τὴν</span> <span class='ocrx_word' id='word_1_136' title='bbox 521 1776 578 1837; x_wconf 83' lang='grc' dir='ltr'>τοῦ</span> <span class='ocrx_word' id='word_1_137' title='bbox 599 1768 699 1857; x_wconf 81' lang='grc' dir='ltr'>κροῖλη</span> <span class='ocrx_word' id='word_1_138' title='bbox 718 1770 838 1856; x_wconf 71' lang='grc' dir='ltr'>μητέρα</span> <span class='ocrx_word' id='word_1_139' title='bbox 851 1767 1029 1851; x_wconf 76' lang='grc' dir='ltr'>ἀξιώσασαν</span> <span class='ocrx_word' id='word_1_140' title='bbox 1044 1767 1194 1857; x_wconf 84' lang='grc' dir='ltr'>πρότερον</span> <span class='ocrx_word' id='word_1_141' title='bbox 1207 1769 1259 1858; x_wconf 72' lang='grc' dir='ltr'>ἐφ’</span> <span class='ocrx_word' id='word_1_142' title='bbox 1276 1768 1321 1849; x_wconf 79' lang='grc' dir='ltr'>οἷς</span> 
     </span>
     <span class='ocr_line' id='line_1_16' title="bbox 222 1859 1362 1963; baseline 0.003 -24"><span class='ocrx_word' id='word_1_143' title='bbox 222 1876 270 1940; x_wconf 75' lang='lat' dir='ltr'>dul</span> <span class='ocrx_word' id='word_1_144' title='bbox 293 1882 332 1963; x_wconf 79' lang='grc' dir='ltr'>τῇ</span> <span class='ocrx_word' id='word_1_145' title='bbox 351 1881 408 1941; x_wconf 79' lang='grc' dir='ltr'>τοῦ</span> <span class='ocrx_word' id='word_1_146' title='bbox 435 1880 571 1959; x_wconf 81' lang='grc' dir='ltr'>Τερτερῆ</span> <span class='ocrx_word' id='word_1_147' title='bbox 594 1874 721 1958; x_wconf 70' lang='grc' dir='ltr'>ἐνείχετο</span> <span class='ocrx_word' id='word_1_148' title='bbox 727 1923 737 1955; x_wconf 92' lang='grc'>,</span> <span class='ocrx_word' id='word_1_149' title='bbox 762 1874 871 1960; x_wconf 73' lang='grc' dir='ltr'>εὔλογα</span> <span class='ocrx_word' id='word_1_150' title='bbox 893 1874 987 1962; x_wconf 76' lang='grc' dir='ltr'>λδγειν</span> <span class='ocrx_word' id='word_1_151' title='bbox 1002 1859 1125 1939; x_wconf 61' lang='lat' dir='ltr'>{dritten¹</span> <span class='ocrx_word' id='word_1_152' title='bbox 1162 1869 1204 1949; x_wconf 78' lang='grc' dir='ltr'>ὥς</span> <span class='ocrx_word' id='word_1_153' title='bbox 1219 1874 1321 1939; x_wconf 75' lang='grc' dir='ltr'>τοίνυν</span> <span class='ocrx_word' id='word_1_154' title='bbox 1331 1890 1362 1945; x_wconf 82' lang='lat'>15</span> 
     </span>
     <span class='ocr_line' id='line_1_17' title="bbox 220 1973 1323 2066; baseline -0.002 -23"><span class='ocrx_word' id='word_1_155' title='bbox 220 1977 367 2061; x_wconf 73' lang='grc' dir='ltr'>βασιλεὺς</span> <span class='ocrx_word' id='word_1_156' title='bbox 376 1976 443 2066; x_wconf 81' lang='grc' dir='ltr'>ᾔδει</span> <span class='ocrx_word' id='word_1_157' title='bbox 460 1979 504 2051; x_wconf 72' lang='grc' dir='ltr'>εἷς</span> <span class='ocrx_word' id='word_1_158' title='bbox 520 1976 610 2043; x_wconf 80' lang='grc' dir='ltr'>τοῦτ’</span> <span class='ocrx_word' id='word_1_159' title='bbox 626 1976 702 2044; x_wconf 79' lang='grc' dir='ltr'>ὄντα</span> <span class='ocrx_word' id='word_1_160' title='bbox 716 1977 770 2045; x_wconf 74' lang='grc' dir='ltr'>τὸν</span> <span class='ocrx_word' id='word_1_161' title='bbox 785 1973 995 2064; x_wconf 81' lang='grc' dir='ltr'>νιοτριιλρχην,</span> <span class='ocrx_word' id='word_1_162' title='bbox 1023 1982 1137 2062; x_wconf 81' lang='grc' dir='ltr'>προῆγε</span> <span class='ocrx_word' id='word_1_163' title='bbox 1153 1982 1263 2043; x_wconf 79' lang='grc' dir='ltr'>τοῦτον</span> <span class='ocrx_word' id='word_1_164' title='bbox 1280 1980 1323 2055; x_wconf 72' lang='grc' dir='ltr'>εἷς</span> 
     </span>
    </p>

    <p class='ocr_par' dir='ltr' id='par_1_6' title="bbox 185 2075 1322 2173">
     <span class='ocr_line' id='line_1_18' title="bbox 185 2075 1322 2173; baseline -0.002 -24"><span class='ocrx_word' id='word_1_165' title='bbox 185 2085 209 2139; x_wconf 80' lang='lat' dir='ltr'>C</span> <span class='ocrx_word' id='word_1_166' title='bbox 225 2082 422 2169; x_wconf 75' lang='grc' dir='ltr'>Σηλυβρίαν,</span> <span class='ocrx_word' id='word_1_167' title='bbox 448 2078 542 2157; x_wconf 71' lang='grc' dir='ltr'>αὐτὸς</span> <span class='ocrx_word' id='word_1_168' title='bbox 567 2077 600 2147; x_wconf 77' lang='grc' dir='ltr'>ἔν</span> <span class='ocrx_word' id='word_1_169' title='bbox 618 2083 753 2173; x_wconf 79' lang='grc' dir='ltr'>ΔρινιεΙρι</span> <span class='ocrx_word' id='word_1_170' title='bbox 773 2084 824 2147; x_wconf 83' lang='grc' dir='ltr'>καλ</span> <span class='ocrx_word' id='word_1_171' title='bbox 844 2080 889 2147; x_wconf 74' lang='grc' dir='ltr'>ἔτι</span> <span class='ocrx_word' id='word_1_172' title='bbox 906 2076 1180 2169; x_wconf 74' lang='grc' dir='ltr'>παρακαθήμενος.</span> <span class='ocrx_word' id='word_1_173' title='bbox 1231 2075 1272 2157; x_wconf 77' lang='grc' dir='ltr'>ὥς</span> <span class='ocrx_word' id='word_1_174' title='bbox 1288 2080 1322 2147; x_wconf 75' lang='grc' dir='ltr'>δὲ</span> 
     </span>
    </p>
   </div>
   <div class='ocr_carea' id='block_1_3' title="bbox 215 2241 1435 4318">
    <p class='ocr_par' dir='ltr' id='par_1_7' title="bbox 215 2241 1435 4318">
     <span class='ocr_line' id='line_1_19' title="bbox 220 2241 1323 2315; baseline 0.001 -18"><span class='ocrx_word' id='word_1_175' title='bbox 220 2242 326 2314; x_wconf 81' lang='lat' dir='ltr'>proprie</span> <span class='ocrx_word' id='word_1_176' title='bbox 341 2242 476 2309; x_wconf 84' lang='lat' dir='ltr'>tradenda,</span> <span class='ocrx_word' id='word_1_177' title='bbox 493 2244 532 2297; x_wconf 88' lang='lat' dir='ltr'>nti</span> <span class='ocrx_word' id='word_1_178' title='bbox 552 2262 585 2298; x_wconf 86' lang='lat' dir='ltr'>ne</span> <span class='ocrx_word' id='word_1_179' title='bbox 601 2248 655 2297; x_wconf 87' lang='lat' dir='ltr'>tam</span> <span class='ocrx_word' id='word_1_180' title='bbox 670 2243 800 2315; x_wconf 83' lang='lat' dir='ltr'>profligati</span> <span class='ocrx_word' id='word_1_181' title='bbox 813 2241 918 2313; x_wconf 89' lang='lat' dir='ltr'>pudoris</span> <span class='ocrx_word' id='word_1_182' title='bbox 934 2242 1043 2311; x_wconf 90' lang='lat' dir='ltr'>bomini,</span> <span class='ocrx_word' id='word_1_183' title='bbox 1061 2247 1092 2296; x_wconf 90' lang='lat' dir='ltr'>nt</span> <span class='ocrx_word' id='word_1_184' title='bbox 1107 2242 1225 2297; x_wconf 86' lang='lat' dir='ltr'>lrelriam</span> <span class='ocrx_word' id='word_1_185' title='bbox 1241 2259 1323 2311; x_wconf 77' lang='lat' dir='ltr'>auam,</span> 
     </span>
     <span class='ocr_line' id='line_1_20' title="bbox 220 2312 1323 2383; baseline 0.002 -18"><span class='ocrx_word' id='word_1_186' title='bbox 220 2313 335 2379; x_wconf 69' lang='lat' dir='ltr'>germem</span> <span class='ocrx_word' id='word_1_187' title='bbox 357 2313 398 2366; x_wconf 89' lang='lat' dir='ltr'>aui</span> <span class='ocrx_word' id='word_1_188' title='bbox 421 2314 524 2366; x_wconf 85' lang='lat' dir='ltr'>maioris</span> <span class='ocrx_word' id='word_1_189' title='bbox 561 2313 665 2383; x_wconf 85' lang='lat' dir='ltr'>tepbeel</span> <span class='ocrx_word' id='word_1_190' title='bbox 686 2330 792 2366; x_wconf 81' lang='lat' dir='ltr'>uxorem</span> <span class='ocrx_word' id='word_1_191' title='bbox 808 2314 965 2381; x_wconf 88' lang='lat' dir='ltr'>eandemque</span> <span class='ocrx_word' id='word_1_192' title='bbox 985 2329 1099 2365; x_wconf 86' lang='lat' dir='ltr'>aurorem</span> <span class='ocrx_word' id='word_1_193' title='bbox 1115 2312 1252 2366; x_wconf 70' lang='lat' dir='ltr'>defunctae</span> <span class='ocrx_word' id='word_1_194' title='bbox 1267 2316 1323 2367; x_wconf 81' lang='lat' dir='ltr'>Au·</span> 
     </span>
     <span class='ocr_line' id='line_1_21' title="bbox 220 2380 1321 2452; baseline 0.002 -19"><span class='ocrx_word' id='word_1_195' title='bbox 220 2388 312 2448; x_wconf 77' lang='lat' dir='ltr'>gnatae</span> <span class='ocrx_word' id='word_1_196' title='bbox 327 2382 417 2434; x_wconf 87' lang='lat' dir='ltr'>matria</span> <span class='ocrx_word' id='word_1_197' title='bbox 435 2382 543 2450; x_wconf 75' lang='lat' dir='ltr'>Augusti</span> <span class='ocrx_word' id='word_1_198' title='bbox 564 2382 671 2435; x_wconf 84' lang='lat' dir='ltr'>iunioris</span> <span class='ocrx_word' id='word_1_199' title='bbox 694 2382 766 2448; x_wconf 76' lang='lat' dir='ltr'>(eret</span> <span class='ocrx_word' id='word_1_200' title='bbox 788 2381 855 2434; x_wconf 88' lang='lat' dir='ltr'>euim</span> <span class='ocrx_word' id='word_1_201' title='bbox 878 2390 987 2452; x_wconf 87' lang='lat' dir='ltr'>utraque</span> <span class='ocrx_word' id='word_1_202' title='bbox 1010 2380 1066 2434; x_wconf 86' lang='lat' dir='ltr'>lilia</span> <span class='ocrx_word' id='word_1_203' title='bbox 1081 2381 1149 2450; x_wconf 78' lang='lat' dir='ltr'>regis</span> <span class='ocrx_word' id='word_1_204' title='bbox 1166 2380 1321 2452; x_wconf 75' lang='lat' dir='ltr'>Ungariae)‚</span> 
     </span>
     <span class='ocr_line' id='line_1_22' title="bbox 220 2448 1435 2520; baseline 0.002 -18"><span class='ocrx_word' id='word_1_205' title='bbox 220 2451 319 2502; x_wconf 71' lang='lat' dir='ltr'>seelude</span> <span class='ocrx_word' id='word_1_206' title='bbox 341 2448 503 2502; x_wconf 84' lang='lat' dir='ltr'>adulterasse</span> <span class='ocrx_word' id='word_1_207' title='bbox 526 2451 666 2516; x_wconf 88' lang='lat' dir='ltr'>diceretur,</span> <span class='ocrx_word' id='word_1_208' title='bbox 689 2467 721 2504; x_wconf 83' lang='lat' dir='ltr'>ec</span> <span class='ocrx_word' id='word_1_209' title='bbox 744 2458 880 2520; x_wconf 87' lang='lat' dir='ltr'>praeterea</span> <span class='ocrx_word' id='word_1_210' title='bbox 895 2464 1041 2520; x_wconf 81' lang='lat' dir='ltr'>germanam</span> <span class='ocrx_word' id='word_1_211' title='bbox 1057 2453 1146 2504; x_wconf 86' lang='lat' dir='ltr'>barum</span> <span class='ocrx_word' id='word_1_212' title='bbox 1163 2451 1265 2504; x_wconf 86' lang='lat' dir='ltr'>tertiam</span> <span class='ocrx_word' id='word_1_213' title='bbox 1283 2453 1323 2505; x_wconf 86' lang='lat' dir='ltr'>vi·</span> <span class='ocrx_word' id='word_1_214' title='bbox 1431 2467 1435 2476; x_wconf 90' lang='lat'><em>·</em></span> 
     </span>
     <span class='ocr_line' id='line_1_23' title="bbox 220 2517 1322 2590; baseline 0.003 -21"><span class='ocrx_word' id='word_1_215' title='bbox 220 2517 317 2572; x_wconf 80' lang='lat' dir='ltr'>rendae</span> <span class='ocrx_word' id='word_1_216' title='bbox 333 2535 411 2571; x_wconf 82' lang='lat' dir='ltr'>caasa</span> <span class='ocrx_word' id='word_1_217' title='bbox 427 2518 523 2572; x_wconf 85' lang='lat' dir='ltr'>sororia</span> <span class='ocrx_word' id='word_1_218' title='bbox 544 2519 571 2572; x_wconf 90' lang='lat' dir='ltr'>ln</span> <span class='ocrx_word' id='word_1_219' title='bbox 587 2519 705 2572; x_wconf 82' lang='lat' dir='ltr'>Serbiam</span> <span class='ocrx_word' id='word_1_220' title='bbox 727 2521 884 2590; x_wconf 88' lang='lat' dir='ltr'>prolectam,</span> <span class='ocrx_word' id='word_1_221' title='bbox 906 2519 968 2572; x_wconf 87' lang='lat' dir='ltr'>licet</span> <span class='ocrx_word' id='word_1_222' title='bbox 990 2520 1054 2572; x_wconf 88' lang='lat' dir='ltr'>baec</span> <span class='ocrx_word' id='word_1_223' title='bbox 1067 2519 1205 2572; x_wconf 77' lang='lat' dir='ltr'>monachae</span> <span class='ocrx_word' id='word_1_224' title='bbox 1221 2521 1322 2574; x_wconf 72' lang='lat' dir='ltr'>vestitu</span> 
     </span>
     <span class='ocr_line' id='line_1_24' title="bbox 218 2586 1322 2672; baseline 0 -32"><span class='ocrx_word' id='word_1_225' title='bbox 218 2586 366 2655; x_wconf 71' lang='lat' dir='ltr'>religionem</span> <span class='ocrx_word' id='word_1_226' title='bbox 383 2587 564 2672; x_wconf 84' lang='lat' dir='ltr'>profiteretur,</span> <span class='ocrx_word' id='word_1_227' title='bbox 588 2589 690 2642; x_wconf 87' lang='lat' dir='ltr'>minime</span> <span class='ocrx_word' id='word_1_228' title='bbox 705 2589 852 2654; x_wconf 74' lang='lat' dir='ltr'>dubitasse,</span> <span class='ocrx_word' id='word_1_229' title='bbox 876 2589 990 2643; x_wconf 87' lang='lat' dir='ltr'>humanis</span> <span class='ocrx_word' id='word_1_230' title='bbox 1006 2588 1080 2642; x_wconf 80' lang='lat' dir='ltr'>simul</span> <span class='ocrx_word' id='word_1_231' title='bbox 1098 2586 1242 2658; x_wconf 83' lang='lat' dir='ltr'>divinisque</span> <span class='ocrx_word' id='word_1_232' title='bbox 1258 2606 1322 2660; x_wconf 91' lang='lat' dir='ltr'>pro-</span> 
     </span>
     <span class='ocr_line' id='line_1_25' title="bbox 219 2655 1322 2728; baseline 0.002 -20"><span class='ocrx_word' id='word_1_233' title='bbox 219 2655 327 2710; x_wconf 86' lang='lat' dir='ltr'>culcatis</span> <span class='ocrx_word' id='word_1_234' title='bbox 342 2657 450 2722; x_wconf 83' lang='lat' dir='ltr'>lumbus,</span> <span class='ocrx_word' id='word_1_235' title='bbox 466 2659 650 2728; x_wconf 83' lang='lat' dir='ltr'>propinquam,</span> <span class='ocrx_word' id='word_1_236' title='bbox 667 2657 810 2727; x_wconf 85' lang='lat' dir='ltr'>hospitam,</span> <span class='ocrx_word' id='word_1_237' title='bbox 827 2675 890 2726; x_wconf 80' lang='lat' dir='ltr'>rege</span> <span class='ocrx_word' id='word_1_238' title='bbox 906 2665 1069 2728; x_wconf 75' lang='lat' dir='ltr'>prognatam,</span> <span class='ocrx_word' id='word_1_239' title='bbox 1086 2655 1134 2710; x_wconf 87' lang='lat' dir='ltr'>deo</span> <span class='ocrx_word' id='word_1_240' title='bbox 1150 2673 1249 2710; x_wconf 83' lang='lat' dir='ltr'>sacram</span> <span class='ocrx_word' id='word_1_241' title='bbox 1265 2657 1322 2710; x_wconf 87' lang='lat' dir='ltr'>vir-</span> 
     </span>
     <span class='ocr_line' id='line_1_26' title="bbox 218 2723 1321 2810; baseline 0.002 -32"><span class='ocrx_word' id='word_1_242' title='bbox 218 2723 321 2793; x_wconf 73' lang='lat' dir='ltr'>ginera,</span> <span class='ocrx_word' id='word_1_243' title='bbox 344 2735 436 2810; x_wconf 84' lang='lat' dir='ltr'>stupro</span> <span class='ocrx_word' id='word_1_244' title='bbox 459 2733 500 2780; x_wconf 87' lang='lat' dir='ltr'>tot</span> <span class='ocrx_word' id='word_1_245' title='bbox 524 2727 667 2781; x_wconf 84' lang='lat' dir='ltr'>nominibus</span> <span class='ocrx_word' id='word_1_246' title='bbox 683 2725 823 2780; x_wconf 75' lang='lat' dir='ltr'>execrabili</span> <span class='ocrx_word' id='word_1_247' title='bbox 840 2728 962 2797; x_wconf 83' lang='lat' dir='ltr'>poliuere.</span> <span class='ocrx_word' id='word_1_248' title='bbox 996 2727 1060 2780; x_wconf 88' lang='lat' dir='ltr'>baec</span> <span class='ocrx_word' id='word_1_249' title='bbox 1077 2743 1133 2780; x_wconf 85' lang='lat' dir='ltr'>cuns</span> <span class='ocrx_word' id='word_1_250' title='bbox 1150 2743 1182 2778; x_wconf 85' lang='lat' dir='ltr'>ex</span> <span class='ocrx_word' id='word_1_251' title='bbox 1199 2725 1256 2784; x_wconf 87' lang='lat' dir='ltr'>aliia</span> <span class='ocrx_word' id='word_1_252' title='bbox 1275 2743 1321 2780; x_wconf 90' lang='lat' dir='ltr'>oo·</span> 
     </span>
     <span class='ocr_line' id='line_1_27' title="bbox 218 2794 1321 2866; baseline 0.003 -20"><span class='ocrx_word' id='word_1_253' title='bbox 218 2803 313 2864; x_wconf 76' lang='lat' dir='ltr'>gnorat</span> <span class='ocrx_word' id='word_1_254' title='bbox 329 2795 485 2865; x_wconf 76' lang='lat' dir='ltr'>patriarcba,</span> <span class='ocrx_word' id='word_1_255' title='bbox 501 2800 555 2848; x_wconf 88' lang='lat' dir='ltr'>tum</span> <span class='ocrx_word' id='word_1_256' title='bbox 573 2811 606 2848; x_wconf 83' lang='lat' dir='ltr'>ex</span> <span class='ocrx_word' id='word_1_257' title='bbox 621 2796 678 2865; x_wconf 86' lang='lat' dir='ltr'>ipse</span> <span class='ocrx_word' id='word_1_258' title='bbox 694 2795 772 2850; x_wconf 88' lang='lat' dir='ltr'>cralis</span> <span class='ocrx_word' id='word_1_259' title='bbox 788 2803 885 2860; x_wconf 89' lang='lat' dir='ltr'>matre,</span> <span class='ocrx_word' id='word_1_260' title='bbox 902 2813 969 2866; x_wconf 87' lang='lat' dir='ltr'>quae</span> <span class='ocrx_word' id='word_1_261' title='bbox 986 2794 1098 2858; x_wconf 82' lang='lat' dir='ltr'>conscia,</span> <span class='ocrx_word' id='word_1_262' title='bbox 1114 2801 1144 2848; x_wconf 88' lang='lat' dir='ltr'>ut</span> <span class='ocrx_word' id='word_1_263' title='bbox 1160 2795 1255 2860; x_wconf 86' lang='lat' dir='ltr'>aiebat,</span> <span class='ocrx_word' id='word_1_264' title='bbox 1270 2795 1321 2850; x_wconf 90' lang='lat' dir='ltr'>im-</span> 
     </span>
     <span class='ocr_line' id='line_1_28' title="bbox 217 2863 1321 2933; baseline 0.005 -18"><span class='ocrx_word' id='word_1_265' title='bbox 217 2864 418 2931; x_wconf 88' lang='lat' dir='ltr'>pedimentorum</span> <span class='ocrx_word' id='word_1_266' title='bbox 437 2864 645 2933; x_wconf 74' lang='lat' dir='ltr'>insuperabiliter</span> <span class='ocrx_word' id='word_1_267' title='bbox 666 2865 821 2918; x_wconf 82' lang='lat' dir='ltr'>obstantium</span> <span class='ocrx_word' id='word_1_268' title='bbox 837 2881 902 2918; x_wconf 82' lang='lat' dir='ltr'>novo</span> <span class='ocrx_word' id='word_1_269' title='bbox 920 2864 975 2918; x_wconf 88' lang='lat' dir='ltr'>neti</span> <span class='ocrx_word' id='word_1_270' title='bbox 990 2865 1107 2933; x_wconf 79' lang='lat' dir='ltr'>coniugio</span> <span class='ocrx_word' id='word_1_271' title='bbox 1126 2863 1193 2918; x_wconf 84' lang='lat' dir='ltr'>ultro</span> <span class='ocrx_word' id='word_1_272' title='bbox 1213 2865 1321 2920; x_wconf 84' lang='lat' dir='ltr'>adeum</span> 
     </span>
     <span class='ocr_line' id='line_1_29' title="bbox 218 2929 1322 3004; baseline 0.008 -23"><span class='ocrx_word' id='word_1_273' title='bbox 218 2937 343 2996; x_wconf 84' lang='lat' dir='ltr'>venerat,</span> <span class='ocrx_word' id='word_1_274' title='bbox 366 2941 467 2985; x_wconf 87' lang='lat' dir='ltr'>oratum</span> <span class='ocrx_word' id='word_1_275' title='bbox 484 2941 514 2984; x_wconf 90' lang='lat' dir='ltr'>ut</span> <span class='ocrx_word' id='word_1_276' title='bbox 529 2951 597 3004; x_wconf 89' lang='lat' dir='ltr'>quae</span> <span class='ocrx_word' id='word_1_277' title='bbox 612 2935 639 2986; x_wconf 90' lang='lat' dir='ltr'>in</span> <span class='ocrx_word' id='word_1_278' title='bbox 655 2929 704 2988; x_wconf 90' lang='lat' dir='ltr'>boc</span> <span class='ocrx_word' id='word_1_279' title='bbox 720 2951 816 3003; x_wconf 75' lang='lat' dir='ltr'>genere</span> <span class='ocrx_word' id='word_1_280' title='bbox 832 2939 1002 3004; x_wconf 86' lang='lat' dir='ltr'>pararentur,</span> <span class='ocrx_word' id='word_1_281' title='bbox 1026 2941 1162 2988; x_wconf 86' lang='lat' dir='ltr'>conaretur</span> <span class='ocrx_word' id='word_1_282' title='bbox 1179 2932 1208 2984; x_wconf 83' lang='lat' dir='ltr'>ri</span> <span class='ocrx_word' id='word_1_283' title='bbox 1225 2951 1322 2990; x_wconf 84' lang='lat' dir='ltr'>summa</span> 
     </span>
     <span class='ocr_line' id='line_1_30' title="bbox 218 2998 1322 3075; baseline 0.006 -24"><span class='ocrx_word' id='word_1_284' title='bbox 218 2998 347 3052; x_wconf 80' lang='lat' dir='ltr'>disiicere.</span> <span class='ocrx_word' id='word_1_285' title='bbox 380 2999 443 3052; x_wconf 90' lang='lat' dir='ltr'>nibil</span> <span class='ocrx_word' id='word_1_286' title='bbox 467 3001 554 3054; x_wconf 88' lang='lat' dir='ltr'>borum</span> <span class='ocrx_word' id='word_1_287' title='bbox 570 3003 670 3057; x_wconf 86' lang='lat' dir='ltr'>latebat</span> <span class='ocrx_word' id='word_1_288' title='bbox 693 3003 889 3073; x_wconf 75' lang='lat' dir='ltr'>imperatorem:</span> <span class='ocrx_word' id='word_1_289' title='bbox 913 3011 998 3056; x_wconf 86' lang='lat' dir='ltr'>tamen</span> <span class='ocrx_word' id='word_1_290' title='bbox 1021 3003 1088 3056; x_wconf 90' lang='lat' dir='ltr'>idem</span> <span class='ocrx_word' id='word_1_291' title='bbox 1107 3003 1233 3074; x_wconf 74' lang='lat' dir='ltr'>politicis,</span> <span class='ocrx_word' id='word_1_292' title='bbox 1256 3021 1322 3075; x_wconf 85' lang='lat' dir='ltr'>quaa</span> 
     </span>
     <span class='ocr_line' id='line_1_31' title="bbox 218 3066 1322 3144; baseline 0.006 -25"><span class='ocrx_word' id='word_1_293' title='bbox 218 3066 347 3132; x_wconf 82' lang='lat' dir='ltr'>iudicavi,</span> <span class='ocrx_word' id='word_1_294' title='bbox 370 3069 512 3122; x_wconf 88' lang='lat' dir='ltr'>rationibus</span> <span class='ocrx_word' id='word_1_295' title='bbox 534 3073 678 3144; x_wconf 79' lang='lat' dir='ltr'>obsequens</span> <span class='ocrx_word' id='word_1_296' title='bbox 700 3072 865 3143; x_wconf 87' lang='lat' dir='ltr'>perstandum</span> <span class='ocrx_word' id='word_1_297' title='bbox 888 3072 915 3125; x_wconf 90' lang='lat' dir='ltr'>in</span> <span class='ocrx_word' id='word_1_298' title='bbox 938 3071 1042 3126; x_wconf 75' lang='lat' dir='ltr'>condlio</span> <span class='ocrx_word' id='word_1_299' title='bbox 1065 3073 1189 3142; x_wconf 83' lang='lat' dir='ltr'>putabat;</span> <span class='ocrx_word' id='word_1_300' title='bbox 1212 3079 1240 3125; x_wconf 85' lang='lat' dir='ltr'>et</span> <span class='ocrx_word' id='word_1_301' title='bbox 1261 3073 1322 3144; x_wconf 87' lang='lat' dir='ltr'>quin</span> 
     </span>
     <span class='ocr_line' id='line_1_32' title="bbox 217 3136 1320 3211; baseline 0.005 -21"><span class='ocrx_word' id='word_1_302' title='bbox 217 3153 270 3190; x_wconf 89' lang='lat' dir='ltr'>non</span> <span class='ocrx_word' id='word_1_303' title='bbox 286 3136 422 3204; x_wconf 71' lang='lat' dir='ltr'>ignorabat</span> <span class='ocrx_word' id='word_1_304' title='bbox 437 3142 594 3194; x_wconf 73' lang='lat' dir='ltr'>tentaberunt</span> <span class='ocrx_word' id='word_1_305' title='bbox 610 3141 782 3210; x_wconf 83' lang='lat' dir='ltr'>patriarcham</span> <span class='ocrx_word' id='word_1_306' title='bbox 798 3158 920 3194; x_wconf 85' lang='lat' dir='ltr'>revocare</span> <span class='ocrx_word' id='word_1_307' title='bbox 936 3159 965 3194; x_wconf 85' lang='lat' dir='ltr'>se</span> <span class='ocrx_word' id='word_1_308' title='bbox 982 3159 998 3194; x_wconf 92' lang='lat' dir='ltr'>a</span> <span class='ocrx_word' id='word_1_309' title='bbox 1014 3149 1116 3211; x_wconf 84' lang='lat' dir='ltr'>coepto,</span> <span class='ocrx_word' id='word_1_310' title='bbox 1133 3150 1160 3194; x_wconf 85' lang='lat' dir='ltr'>et</span> <span class='ocrx_word' id='word_1_311' title='bbox 1176 3158 1230 3194; x_wconf 88' lang='lat' dir='ltr'>reru</span> <span class='ocrx_word' id='word_1_312' title='bbox 1244 3151 1320 3195; x_wconf 85' lang='lat' dir='ltr'>antee</span> 
     </span>
     <span class='ocr_line' id='line_1_33' title="bbox 219 3203 1319 3280; baseline 0.004 -22"><span class='ocrx_word' id='word_1_313' title='bbox 219 3203 245 3258; x_wconf 86' lang='lat' dir='ltr'>ai</span> <span class='ocrx_word' id='word_1_314' title='bbox 261 3207 444 3260; x_wconf 84' lang='lat' dir='ltr'>communicare</span> <span class='ocrx_word' id='word_1_315' title='bbox 460 3207 596 3274; x_wconf 85' lang='lat' dir='ltr'>omiserat,</span> <span class='ocrx_word' id='word_1_316' title='bbox 614 3216 641 3262; x_wconf 87' lang='lat' dir='ltr'>et</span> <span class='ocrx_word' id='word_1_317' title='bbox 657 3217 719 3262; x_wconf 88' lang='lat' dir='ltr'>tunc</span> <span class='ocrx_word' id='word_1_318' title='bbox 735 3228 767 3262; x_wconf 90' lang='lat' dir='ltr'>ne</span> <span class='ocrx_word' id='word_1_319' title='bbox 785 3209 818 3262; x_wconf 96' lang='lat' dir='ltr'>de</span> <span class='ocrx_word' id='word_1_320' title='bbox 834 3209 874 3261; x_wconf 86' lang='lat' dir='ltr'>bis</span> <span class='ocrx_word' id='word_1_321' title='bbox 890 3227 1029 3263; x_wconf 86' lang='lat' dir='ltr'>sermonem</span> <span class='ocrx_word' id='word_1_322' title='bbox 1047 3210 1118 3280; x_wconf 90' lang='lat' dir='ltr'>prior</span> <span class='ocrx_word' id='word_1_323' title='bbox 1133 3209 1255 3277; x_wconf 85' lang='lat' dir='ltr'>inferret,</span> <span class='ocrx_word' id='word_1_324' title='bbox 1281 3211 1319 3262; x_wconf 86' lang='lat' dir='ltr'>ri-</span> 
     </span>
     <span class='ocr_line' id='line_1_34' title="bbox 218 3274 1319 3348; baseline 0.003 -20"><span class='ocrx_word' id='word_1_325' title='bbox 218 3281 277 3328; x_wconf 81' lang='lat' dir='ltr'>tare</span> <span class='ocrx_word' id='word_1_326' title='bbox 289 3274 449 3328; x_wconf 83' lang='lat' dir='ltr'>occasionem</span> <span class='ocrx_word' id='word_1_327' title='bbox 465 3276 542 3330; x_wconf 88' lang='lat' dir='ltr'>otiosi</span> <span class='ocrx_word' id='word_1_328' title='bbox 559 3295 616 3331; x_wconf 90' lang='lat' dir='ltr'>cum</span> <span class='ocrx_word' id='word_1_329' title='bbox 630 3297 661 3333; x_wconf 90' lang='lat' dir='ltr'>eo</span> <span class='ocrx_word' id='word_1_330' title='bbox 678 3278 797 3348; x_wconf 89' lang='lat' dir='ltr'>colloquii</span> <span class='ocrx_word' id='word_1_331' title='bbox 813 3277 924 3332; x_wconf 78' lang='lat' dir='ltr'>volebat.</span> <span class='ocrx_word' id='word_1_332' title='bbox 959 3297 991 3332; x_wconf 91' lang='lat' dir='ltr'>ac</span> <span class='ocrx_word' id='word_1_333' title='bbox 1007 3285 1065 3332; x_wconf 87' lang='lat' dir='ltr'>erat</span> <span class='ocrx_word' id='word_1_334' title='bbox 1081 3295 1159 3332; x_wconf 85' lang='lat' dir='ltr'>causa</span> <span class='ocrx_word' id='word_1_335' title='bbox 1176 3295 1221 3332; x_wconf 87' lang='lat' dir='ltr'>cur</span> <span class='ocrx_word' id='word_1_336' title='bbox 1237 3277 1319 3331; x_wconf 81' lang='lat' dir='ltr'>ariana</span> 
     </span>
     <span class='ocr_line' id='line_1_35' title="bbox 218 3343 1318 3416; baseline 0.004 -18"><span class='ocrx_word' id='word_1_337' title='bbox 218 3343 389 3398; x_wconf 74' lang='grc' dir='ltr'>ιιοοεκιιτίααι</span> <span class='ocrx_word' id='word_1_338' title='bbox 416 3343 572 3399; x_wconf 84' lang='lat' dir='ltr'>existimaret</span> <span class='ocrx_word' id='word_1_339' title='bbox 594 3347 731 3400; x_wconf 73' lang='lat' dir='ltr'>mnreuire</span> <span class='ocrx_word' id='word_1_340' title='bbox 760 3364 817 3401; x_wconf 89' lang='lat' dir='ltr'>cum</span> <span class='ocrx_word' id='word_1_341' title='bbox 846 3348 1008 3416; x_wconf 74' lang='lat' dir='ltr'>praesidibus</span> <span class='ocrx_word' id='word_1_342' title='bbox 1032 3348 1154 3402; x_wconf 82' lang='lat' dir='ltr'>ecclesiae</span> <span class='ocrx_word' id='word_1_343' title='bbox 1182 3347 1215 3400; x_wconf 97' lang='lat' dir='ltr'>de</span> <span class='ocrx_word' id='word_1_344' title='bbox 1240 3347 1318 3402; x_wconf 82' lang='lat' dir='ltr'>rebus</span> 
     </span>
     <span class='ocr_line' id='line_1_36' title="bbox 218 3410 1320 3487; baseline 0.005 -23"><span class='ocrx_word' id='word_1_345' title='bbox 218 3410 293 3467; x_wconf 86' lang='lat' dir='ltr'>bulas</span> <span class='ocrx_word' id='word_1_346' title='bbox 309 3413 399 3479; x_wconf 85' lang='lat' dir='ltr'>oralia,</span> <span class='ocrx_word' id='word_1_347' title='bbox 415 3413 540 3481; x_wconf 79' lang='lat' dir='ltr'>dynastae</span> <span class='ocrx_word' id='word_1_348' title='bbox 555 3414 676 3468; x_wconf 86' lang='lat' dir='ltr'>videlicet</span> <span class='ocrx_word' id='word_1_349' title='bbox 691 3414 757 3468; x_wconf 85' lang='lat' dir='ltr'>ritus</span> <span class='ocrx_word' id='word_1_350' title='bbox 773 3432 789 3469; x_wconf 87' lang='lat' dir='ltr'>a</span> <span class='ocrx_word' id='word_1_351' title='bbox 807 3419 909 3470; x_wconf 87' lang='lat' dir='ltr'>Graeco</span> <span class='ocrx_word' id='word_1_352' title='bbox 926 3416 1070 3487; x_wconf 77' lang='lat' dir='ltr'>peregrini3</span> <span class='ocrx_word' id='word_1_353' title='bbox 1092 3433 1167 3487; x_wconf 83' lang='lat' dir='ltr'>quem</span> <span class='ocrx_word' id='word_1_354' title='bbox 1183 3415 1241 3468; x_wconf 87' lang='lat' dir='ltr'>ideo</span> <span class='ocrx_word' id='word_1_355' title='bbox 1257 3417 1320 3470; x_wconf 87' lang='lat' dir='ltr'>licet</span> 
     </span>
     <span class='ocr_line' id='line_1_37' title="bbox 219 3481 1320 3564; baseline 0.004 -30"><span class='ocrx_word' id='word_1_356' title='bbox 219 3481 379 3550; x_wconf 76' lang='lat' dir='ltr'>contingeret</span> <span class='ocrx_word' id='word_1_357' title='bbox 394 3483 452 3536; x_wconf 83' lang='lat' dir='ltr'>lieri</span> <span class='ocrx_word' id='word_1_358' title='bbox 467 3499 587 3564; x_wconf 72' lang='lat' dir='ltr'>generum</span> <span class='ocrx_word' id='word_1_359' title='bbox 604 3484 779 3554; x_wconf 86' lang='lat' dir='ltr'>imperatoris,</span> <span class='ocrx_word' id='word_1_360' title='bbox 804 3487 830 3538; x_wconf 93' lang='lat' dir='ltr'>in</span> <span class='ocrx_word' id='word_1_361' title='bbox 848 3487 928 3540; x_wconf 84' lang='lat' dir='ltr'>sacris</span> <span class='ocrx_word' id='word_1_362' title='bbox 950 3485 1041 3538; x_wconf 77' lang='lat' dir='ltr'>officiis</span> <span class='ocrx_word' id='word_1_363' title='bbox 1058 3485 1220 3538; x_wconf 80' lang='lat' dir='ltr'>memoraturi</span> <span class='ocrx_word' id='word_1_364' title='bbox 1236 3485 1320 3538; x_wconf 85' lang='lat' dir='ltr'>norni-</span> 
     </span>
     <span class='ocr_line' id='line_1_38' title="bbox 217 3551 1333 3626; baseline 0.005 -24"><span class='ocrx_word' id='word_1_365' title='bbox 217 3551 296 3604; x_wconf 74' lang='lat' dir='ltr'>neum</span> <span class='ocrx_word' id='word_1_366' title='bbox 312 3551 480 3604; x_wconf 60' lang='lat' dir='ltr'>ecclesiastici</span> <span class='ocrx_word' id='word_1_367' title='bbox 498 3569 548 3604; x_wconf 85' lang='lat' dir='ltr'>non</span> <span class='ocrx_word' id='word_1_368' title='bbox 563 3553 659 3618; x_wconf 79' lang='lat' dir='ltr'>forent,</span> <span class='ocrx_word' id='word_1_369' title='bbox 671 3571 703 3607; x_wconf 88' lang='lat' dir='ltr'>ex</span> <span class='ocrx_word' id='word_1_370' title='bbox 719 3572 769 3624; x_wconf 89' lang='lat' dir='ltr'>quo</span> <span class='ocrx_word' id='word_1_371' title='bbox 787 3563 845 3610; x_wconf 88' lang='lat' dir='ltr'>erat</span> <span class='ocrx_word' id='word_1_372' title='bbox 862 3571 1027 3626; x_wconf 82' lang='lat' dir='ltr'>consequens,</span> <span class='ocrx_word' id='word_1_373' title='bbox 1044 3553 1067 3608; x_wconf 82' lang='lat' dir='ltr'>si</span> <span class='ocrx_word' id='word_1_374' title='bbox 1085 3557 1153 3607; x_wconf 80' lang='lat' dir='ltr'>forta</span> <span class='ocrx_word' id='word_1_375' title='bbox 1169 3554 1210 3618; x_wconf 76' lang='lat' dir='ltr'>vel</span> <span class='ocrx_word' id='word_1_376' title='bbox 1227 3572 1258 3608; x_wconf 86' lang='lat' dir='ltr'>aa</span> <span class='ocrx_word' id='word_1_377' title='bbox 1275 3554 1333 3608; x_wconf 74' lang='lat' dir='ltr'>ille‘</span> 
     </span>
     <span class='ocr_line' id='line_1_39' title="bbox 219 3619 1321 3695; baseline 0.005 -24"><span class='ocrx_word' id='word_1_378' title='bbox 219 3619 384 3674; x_wconf 77' lang='lat' dir='ltr'>commisisset</span> <span class='ocrx_word' id='word_1_379' title='bbox 404 3620 446 3672; x_wconf 83' lang='lat' dir='ltr'>vel</span> <span class='ocrx_word' id='word_1_380' title='bbox 468 3619 495 3671; x_wconf 86' lang='lat' dir='ltr'>in</span> <span class='ocrx_word' id='word_1_381' title='bbox 517 3629 647 3690; x_wconf 80' lang='lat' dir='ltr'>posterum</span> <span class='ocrx_word' id='word_1_382' title='bbox 669 3624 841 3678; x_wconf 78' lang='lat' dir='ltr'>conscisceret</span> <span class='ocrx_word' id='word_1_383' title='bbox 866 3627 900 3678; x_wconf 93' lang='lat' dir='ltr'>ob</span> <span class='ocrx_word' id='word_1_384' title='bbox 925 3643 991 3695; x_wconf 89' lang='lat' dir='ltr'>quae</span> <span class='ocrx_word' id='word_1_385' title='bbox 1009 3631 1149 3678; x_wconf 86' lang='lat' dir='ltr'>mereretur</span> <span class='ocrx_word' id='word_1_386' title='bbox 1166 3623 1321 3676; x_wconf 85' lang='lat' dir='ltr'>anathemati</span> 
     </span>
     <span class='ocr_line' id='line_1_40' title="bbox 217 3687 1321 3754; baseline 0.007 -16"><span class='ocrx_word' id='word_1_387' title='bbox 217 3687 327 3754; x_wconf 82' lang='lat' dir='ltr'>subiici,</span> <span class='ocrx_word' id='word_1_388' title='bbox 347 3690 441 3743; x_wconf 79' lang='lat' dir='ltr'>nullum</span> <span class='ocrx_word' id='word_1_389' title='bbox 457 3688 518 3742; x_wconf 89' lang='lat' dir='ltr'>iude</span> <span class='ocrx_word' id='word_1_390' title='bbox 532 3689 583 3743; x_wconf 90' lang='lat' dir='ltr'>sibi</span> <span class='ocrx_word' id='word_1_391' title='bbox 606 3691 661 3744; x_wconf 81' lang='lat' dir='ltr'>iore</span> <span class='ocrx_word' id='word_1_392' title='bbox 678 3693 836 3749; x_wconf 88' lang='lat' dir='ltr'>occasionem</span> <span class='ocrx_word' id='word_1_393' title='bbox 852 3693 1019 3748; x_wconf 88' lang='lat' dir='ltr'>erubescendi</span> <span class='ocrx_word' id='word_1_394' title='bbox 1037 3711 1053 3746; x_wconf 91' lang='lat' dir='ltr'>e</span> <span class='ocrx_word' id='word_1_395' title='bbox 1071 3693 1197 3746; x_wconf 87' lang='lat' dir='ltr'>coniuncti</span> <span class='ocrx_word' id='word_1_396' title='bbox 1213 3692 1321 3746; x_wconf 88' lang='lat' dir='ltr'>hominia</span> 
     </span>
     <span class='ocr_line' id='line_1_41' title="bbox 217 3753 1319 3831; baseline 0.005 -23"><span class='ocrx_word' id='word_1_397' title='bbox 217 3753 355 3820; x_wconf 71' lang='lat' dir='ltr'>ignominia</span> <span class='ocrx_word' id='word_1_398' title='bbox 371 3759 404 3811; x_wconf 92' lang='lat' dir='ltr'>ob</span> <span class='ocrx_word' id='word_1_399' title='bbox 420 3759 630 3829; x_wconf 77' lang='lat' dir='ltr'>praetereundam</span> <span class='ocrx_word' id='word_1_400' title='bbox 646 3768 701 3814; x_wconf 88' lang='lat' dir='ltr'>tum</span> <span class='ocrx_word' id='word_1_401' title='bbox 716 3762 798 3831; x_wconf 85' lang='lat' dir='ltr'>ipsius</span> <span class='ocrx_word' id='word_1_402' title='bbox 814 3765 840 3818; x_wconf 89' lang='lat' dir='ltr'>in</span> <span class='ocrx_word' id='word_1_403' title='bbox 851 3764 932 3816; x_wconf 83' lang='lat' dir='ltr'>sacris</span> <span class='ocrx_word' id='word_1_404' title='bbox 942 3762 1102 3816; x_wconf 87' lang='lat' dir='ltr'>mentionem.</span> <span class='ocrx_word' id='word_1_405' title='bbox 1136 3761 1229 3831; x_wconf 88' lang='lat' dir='ltr'>alioqui</span> <span class='ocrx_word' id='word_1_406' title='bbox 1242 3778 1319 3831; x_wconf 89' lang='lat' dir='ltr'>porro</span> 
     </span>
     <span class='ocr_line' id='line_1_42' title="bbox 217 3823 1319 3902; baseline 0.008 -27"><span class='ocrx_word' id='word_1_407' title='bbox 217 3823 342 3880; x_wconf 74' lang='lat' dir='ltr'>coluter</span> <span class='ocrx_word' id='word_1_408' title='bbox 358 3844 423 3897; x_wconf 83' lang='lat' dir='ltr'>qnae</span> <span class='ocrx_word' id='word_1_409' title='bbox 439 3846 455 3880; x_wconf 90' lang='lat' dir='ltr'>a</span> <span class='ocrx_word' id='word_1_410' title='bbox 470 3828 575 3881; x_wconf 84' lang='lat' dir='ltr'>loedere</span> <span class='ocrx_word' id='word_1_411' title='bbox 591 3845 646 3882; x_wconf 87' lang='lat' dir='ltr'>cum</span> <span class='ocrx_word' id='word_1_412' title='bbox 663 3831 748 3885; x_wconf 81' lang='lat' dir='ltr'>Serbo</span> <span class='ocrx_word' id='word_1_413' title='bbox 767 3839 937 3902; x_wconf 86' lang='lat' dir='ltr'>proventuras</span> <span class='ocrx_word' id='word_1_414' title='bbox 954 3831 1103 3895; x_wconf 69' lang='lat' dir='ltr'>confideret,</span> <span class='ocrx_word' id='word_1_415' title='bbox 1119 3833 1187 3883; x_wconf 84' lang='lat' dir='ltr'>mala</span> <span class='ocrx_word' id='word_1_416' title='bbox 1203 3843 1269 3900; x_wconf 86' lang='lat' dir='ltr'>quae</span> <span class='ocrx_word' id='word_1_417' title='bbox 1286 3849 1319 3884; x_wconf 83' lang='lat' dir='ltr'>ex</span> 
     </span>
     <span class='ocr_line' id='line_1_43' title="bbox 216 3897 1319 4012; baseline 0.005 -66"><span class='ocrx_word' id='word_1_418' title='bbox 216 3903 398 4012; x_wconf 66' lang='lat' dir='ltr'>perseverante</span> <span class='ocrx_word' id='word_1_419' title='bbox 413 3897 518 3950; x_wconf 83' lang='lat' dir='ltr'>dissidio</span> <span class='ocrx_word' id='word_1_420' title='bbox 534 3904 667 3962; x_wconf 81' lang='lat' dir='ltr'>metueret,</span> <span class='ocrx_word' id='word_1_421' title='bbox 684 3901 750 3954; x_wconf 84' lang='lat' dir='ltr'>tanti</span> <span class='ocrx_word' id='word_1_422' title='bbox 766 3919 824 3956; x_wconf 83' lang='lat' dir='ltr'>aare</span> <span class='ocrx_word' id='word_1_423' title='bbox 841 3903 953 3958; x_wconf 86' lang='lat' dir='ltr'>ducebat</span> <span class='ocrx_word' id='word_1_424' title='bbox 968 3909 999 3954; x_wconf 89' lang='lat' dir='ltr'>ut</span> <span class='ocrx_word' id='word_1_425' title='bbox 1017 3899 1149 3954; x_wconf 88' lang='lat' dir='ltr'>momentis</span> <span class='ocrx_word' id='word_1_426' title='bbox 1165 3909 1219 3954; x_wconf 85' lang='lat' dir='ltr'>tem</span> <span class='ocrx_word' id='word_1_427' title='bbox 1234 3900 1319 3952; x_wconf 87' lang='lat' dir='ltr'>iustae</span> 
     </span>
     <span class='ocr_line' id='line_1_44' title="bbox 238 3963 1319 4045; baseline 0.01 -34"><span class='ocrx_word' id='word_1_428' title='bbox 238 3976 279 4012; x_wconf 85' lang='lat' dir='ltr'>mc</span> <span class='ocrx_word' id='word_1_429' title='bbox 294 3963 449 4045; x_wconf 73' lang='lat' dir='ltr'>fopmidinis‚</span> <span class='ocrx_word' id='word_1_430' title='bbox 473 3973 528 4019; x_wconf 85' lang='lat' dir='ltr'>tam</span> <span class='ocrx_word' id='word_1_431' title='bbox 544 3967 642 4037; x_wconf 88' lang='lat' dir='ltr'>amplae</span> <span class='ocrx_word' id='word_1_432' title='bbox 657 3967 727 4022; x_wconf 89' lang='lat' dir='ltr'>illinc</span> <span class='ocrx_word' id='word_1_433' title='bbox 742 3971 812 4041; x_wconf 89' lang='lat' dir='ltr'>spei,</span> <span class='ocrx_word' id='word_1_434' title='bbox 836 3972 904 4026; x_wconf 88' lang='lat' dir='ltr'>nulla</span> <span class='ocrx_word' id='word_1_435' title='bbox 921 3967 1110 4040; x_wconf 84' lang='lat' dir='ltr'>cuiusquemodi</span> <span class='ocrx_word' id='word_1_436' title='bbox 1126 3967 1275 4022; x_wconf 83' lang='lat' dir='ltr'>viderentur</span> <span class='ocrx_word' id='word_1_437' title='bbox 1291 3967 1319 4022; x_wconf 87' lang='lat' dir='ltr'>iu</span> 
     </span>
     <span class='ocr_line' id='line_1_45' title="bbox 218 4032 1318 4107; baseline 0.012 -28"><span class='ocrx_word' id='word_1_438' title='bbox 218 4032 373 4086; x_wconf 76' lang='lat' dir='ltr'>eontrarium</span> <span class='ocrx_word' id='word_1_439' title='bbox 390 4034 492 4102; x_wconf 84' lang='lat' dir='ltr'>obiecta</span> <span class='ocrx_word' id='word_1_440' title='bbox 508 4035 713 4106; x_wconf 89' lang='lat' dir='ltr'>praeponderare</span> <span class='ocrx_word' id='word_1_441' title='bbox 734 4041 892 4094; x_wconf 88' lang='lat' dir='ltr'>incommoda</span> <span class='ocrx_word' id='word_1_442' title='bbox 908 4041 1041 4094; x_wconf 87' lang='lat' dir='ltr'>deberent.</span> <span class='ocrx_word' id='word_1_443' title='bbox 1077 4045 1147 4091; x_wconf 84' lang='lat' dir='ltr'>totus</span> <span class='ocrx_word' id='word_1_444' title='bbox 1171 4056 1233 4107; x_wconf 78' lang='lat' dir='ltr'>ergo</span> <span class='ocrx_word' id='word_1_445' title='bbox 1250 4037 1318 4092; x_wconf 75' lang='lat' dir='ltr'>fixus</span> 
     </span>
     <span class='ocr_line' id='line_1_46' title="bbox 219 4096 1319 4180; baseline 0.005 -26"><span class='ocrx_word' id='word_1_446' title='bbox 219 4096 376 4180; x_wconf 69' lang='lat' dir='ltr'>Andrualqm</span> <span class='ocrx_word' id='word_1_447' title='bbox 393 4101 420 4154; x_wconf 88' lang='lat' dir='ltr'>in</span> <span class='ocrx_word' id='word_1_448' title='bbox 436 4105 566 4174; x_wconf 88' lang='lat' dir='ltr'>proposito</span> <span class='ocrx_word' id='word_1_449' title='bbox 584 4105 722 4160; x_wconf 85' lang='lat' dir='ltr'>ellinitatia</span> <span class='ocrx_word' id='word_1_450' title='bbox 738 4111 972 4180; x_wconf 82' lang='lat' dir='ltr'>quomodocumque</span> <span class='ocrx_word' id='word_1_451' title='bbox 988 4127 1045 4164; x_wconf 90' lang='lat' dir='ltr'>cum</span> <span class='ocrx_word' id='word_1_452' title='bbox 1063 4107 1147 4160; x_wconf 82' lang='lat' dir='ltr'>Serbo</span> <span class='ocrx_word' id='word_1_453' title='bbox 1165 4107 1319 4162; x_wconf 81' lang='lat' dir='ltr'>contraben-</span> 
     </span>
     <span class='ocr_line' id='line_1_47' title="bbox 218 4164 1319 4264; baseline -0.003 -32"><span class='ocrx_word' id='word_1_454' title='bbox 218 4164 284 4232; x_wconf 68' lang='lat' dir='ltr'>fl⁸⁰r</span> <span class='ocrx_word' id='word_1_455' title='bbox 299 4171 415 4237; x_wconf 67' lang='grc' dir='ltr'>Ιῑὶααυα</span> <span class='ocrx_word' id='word_1_456' title='bbox 429 4171 531 4226; x_wconf 85' lang='lat' dir='ltr'>aliunde</span> <span class='ocrx_word' id='word_1_457' title='bbox 546 4191 642 4244; x_wconf 79' lang='lat' dir='ltr'>gnarus</span> <span class='ocrx_word' id='word_1_458' title='bbox 658 4184 776 4246; x_wconf 89' lang='lat' dir='ltr'>paratum</span> <span class='ocrx_word' id='word_1_459' title='bbox 793 4181 828 4232; x_wconf 91' lang='lat' dir='ltr'>ad</span> <span class='ocrx_word' id='word_1_460' title='bbox 844 4179 994 4264; x_wconf 67' lang='lat' dir='ltr'>iurgandum</span> <span class='ocrx_word' id='word_1_461' title='bbox 1011 4195 1043 4232; x_wconf 90' lang='lat' dir='ltr'>ea</span> <span class='ocrx_word' id='word_1_462' title='bbox 1059 4175 1092 4230; x_wconf 93' lang='lat' dir='ltr'>de</span> <span class='ocrx_word' id='word_1_463' title='bbox 1108 4193 1138 4229; x_wconf 89' lang='lat' dir='ltr'>re</span> <span class='ocrx_word' id='word_1_464' title='bbox 1155 4194 1241 4230; x_wconf 86' lang='lat' dir='ltr'>recum</span> <span class='ocrx_word' id='word_1_465' title='bbox 1258 4175 1319 4229; x_wconf 84' lang='lat' dir='ltr'>Dri-</span> 
     </span>
     <span class='ocr_line' id='line_1_48' title="bbox 215 4235 1318 4318; baseline 0.012 -31"><span class='ocrx_word' id='word_1_466' title='bbox 215 4249 289 4303; x_wconf 85' lang='lat' dir='ltr'>peam</span> <span class='ocrx_word' id='word_1_467' title='bbox 313 4235 451 4292; x_wconf 81' lang='lat' dir='ltr'>adventare</span> <span class='ocrx_word' id='word_1_468' title='bbox 474 4243 662 4312; x_wconf 82' lang='lat' dir='ltr'>patriercham,</span> <span class='ocrx_word' id='word_1_469' title='bbox 691 4262 739 4318; x_wconf 85' lang='lat' dir='ltr'>per</span> <span class='ocrx_word' id='word_1_470' title='bbox 763 4257 847 4304; x_wconf 83' lang='lat' dir='ltr'>certos</span> <span class='ocrx_word' id='word_1_471' title='bbox 870 4266 895 4303; x_wconf 86' lang='lat' dir='ltr'>er</span> <span class='ocrx_word' id='word_1_472' title='bbox 917 4247 1008 4304; x_wconf 76' lang='grc' dir='ltr'>αλεεοτ</span> <span class='ocrx_word' id='word_1_473' title='bbox 1032 4245 1136 4302; x_wconf 83' lang='lat' dir='ltr'>obviam</span> <span class='ocrx_word' id='word_1_474' title='bbox 1161 4245 1318 4318; x_wconf 71' lang='lat' dir='ltr'>slguilicarit</span> 
     </span>
    </p>
   </div>
   <div class='ocr_carea' id='block_1_4' title="bbox 0 0 1510 4900">
    <p class='ocr_par' dir='ltr' id='par_1_8' title="bbox 0 0 1510 4900">
     <span class='ocr_line' id='line_1_49' title="bbox 0 0 1510 4900; baseline 0 3"><span class='ocrx_word' id='word_1_475' title='bbox 0 0 1510 4900; x_wconf 95' lang='lat' dir='ltr'> </span> 
     </span>
    </p>
   </div>
  </div>
 </body>
</html>
