<?xml version="1.0" encoding="UTF-8"?>
<!DOCTYPE html PUBLIC "-//W3C//DTD XHTML 1.0 Transitional//EN"
    "http://www.w3.org/TR/xhtml1/DTD/xhtml1-transitional.dtd">
<html xmlns="http://www.w3.org/1999/xhtml" xml:lang="en" lang="en">
 <head>
  <title>
</title>
<meta http-equiv="Content-Type" content="text/html;charset=utf-8" />
  <meta name='ocr-system' content='tesseract 3.04.00' />
  <meta name='ocr-capabilities' content='ocr_page ocr_carea ocr_par ocr_line ocrx_word'/>
</head>
<body>
  <div class='ocr_page' id='page_1' title='image "./corpusscriptoru69theogoog_0695.png"; bbox 0 0 3009 4900; ppageno 0'>
   <div class='ocr_carea' id='block_1_1' title="bbox 265 277 1064 362">
    <p class='ocr_par' dir='ltr' id='par_1_1' title="bbox 265 277 1064 362">
     <span class='ocr_line' id='line_1_1' title="bbox 265 277 1064 362; baseline -0.01 -4"><span class='ocrx_word' id='word_1_1' title='bbox 265 281 344 358; x_wconf 72' lang='lat'><strong>688</strong></span> <span class='ocrx_word' id='word_1_2' title='bbox 564 278 801 362; x_wconf 75' lang='lat' dir='ltr'><strong>ossuum,</strong></span> <span class='ocrx_word' id='word_1_3' title='bbox 830 277 1064 350; x_wconf 72' lang='lat' dir='ltr'><strong>etcufflttt</strong></span> 
     </span>
    </p>
   </div>
   <div class='ocr_carea' id='block_1_2' title="bbox 199 440 1480 4275">
    <p class='ocr_par' dir='ltr' id='par_1_2' title="bbox 199 440 1480 4275">
     <span class='ocr_line' id='line_1_2' title="bbox 265 440 1418 532; baseline -0.01 -20"><span class='ocrx_word' id='word_1_4' title='bbox 265 449 403 532; x_wconf 61' lang='grc' dir='ltr'><strong><em>εεςίοιεε</em></strong></span> <span class='ocrx_word' id='word_1_5' title='bbox 422 447 532 526; x_wconf 83' lang='lat' dir='ltr'><strong>luerit,</strong></span> <span class='ocrx_word' id='word_1_6' title='bbox 552 457 585 510; x_wconf 84' lang='lat' dir='ltr'><strong>at</strong></span> <span class='ocrx_word' id='word_1_7' title='bbox 602 467 659 510; x_wconf 85' lang='lat' dir='ltr'><strong>our</strong></span> <span class='ocrx_word' id='word_1_8' title='bbox 676 441 862 530; x_wconf 64' lang='grc' dir='ltr'><strong><em>μοινομένον</em></strong></span> <span class='ocrx_word' id='word_1_9' title='bbox 875 440 1002 528; x_wconf 69' lang='grc' dir='ltr'><strong>κόμπος,</strong></span> <span class='ocrx_word' id='word_1_10' title='bbox 1002 445 1144 528; x_wconf 71' lang='lat' dir='ltr'><strong>sasemis</strong></span> <span class='ocrx_word' id='word_1_11' title='bbox 1158 461 1336 524; x_wconf 70' lang='lat' dir='ltr'><strong>empus</strong></span> <span class='ocrx_word' id='word_1_12' title='bbox 1353 460 1418 524; x_wconf 92' lang='lat' dir='ltr'><strong>ap-</strong></span> 
     </span>
     <span class='ocr_line' id='line_1_3' title="bbox 264 527 1417 620; baseline -0.01 -21"><span class='ocrx_word' id='word_1_13' title='bbox 264 536 413 620; x_wconf 84' lang='lat' dir='ltr'><strong>pellatus,</strong></span> <span class='ocrx_word' id='word_1_14' title='bbox 433 534 570 596; x_wconf 88' lang='lat' dir='ltr'><strong>nondum</strong></span> <span class='ocrx_word' id='word_1_15' title='bbox 588 531 705 614; x_wconf 78' lang='lat' dir='ltr'><strong>reperi,</strong></span> <span class='ocrx_word' id='word_1_16' title='bbox 726 532 783 592; x_wconf 86' lang='lat' dir='ltr'><strong>etsi</strong></span> <span class='ocrx_word' id='word_1_17' title='bbox 800 531 961 612; x_wconf 81' lang='lat' dir='ltr'><strong>repererim</strong></span> <span class='ocrx_word' id='word_1_18' title='bbox 970 532 1005 592; x_wconf 89' lang='lat' dir='ltr'><strong>in</strong></span> <span class='ocrx_word' id='word_1_19' title='bbox 1017 531 1092 591; x_wconf 91' lang='lat' dir='ltr'><strong>actis</strong></span> <span class='ocrx_word' id='word_1_20' title='bbox 1105 533 1135 596; x_wconf 83' lang='grc'><strong>8.</strong></span> <span class='ocrx_word' id='word_1_21' title='bbox 1148 527 1331 592; x_wconf 77' lang='lat' dir='ltr'><strong>Platonis</strong></span> <span class='ocrx_word' id='word_1_22' title='bbox 1351 529 1417 588; x_wconf 75' lang='lat' dir='ltr'><strong>An-</strong></span> 
     </span>
     <span class='ocr_line' id='line_1_4' title="bbox 266 613 1417 703; baseline -0.008 -22"><span class='ocrx_word' id='word_1_23' title='bbox 266 621 375 703; x_wconf 80' lang='lat' dir='ltr'><strong>eyrani</strong></span> <span class='ocrx_word' id='word_1_24' title='bbox 392 619 534 701; x_wconf 81' lang='lat' dir='ltr'><strong>martyris</strong></span> <span class='ocrx_word' id='word_1_25' title='bbox 549 617 763 698; x_wconf 68' lang='lat' dir='ltr'><strong>elegantissime</strong></span> <span class='ocrx_word' id='word_1_26' title='bbox 779 617 892 680; x_wconf 87' lang='lat' dir='ltr'><strong>Graece</strong></span> <span class='ocrx_word' id='word_1_27' title='bbox 908 615 1038 698; x_wconf 86' lang='lat' dir='ltr'><strong>scriptis,</strong></span> <span class='ocrx_word' id='word_1_28' title='bbox 1062 636 1138 696; x_wconf 88' lang='lat' dir='ltr'><strong>quae</strong></span> <span class='ocrx_word' id='word_1_29' title='bbox 1149 635 1275 676; x_wconf 81' lang='lat' dir='ltr'><strong>manaa</strong></span> <span class='ocrx_word' id='word_1_30' title='bbox 1289 613 1417 694; x_wconf 83' lang='lat' dir='ltr'><strong>scripta</strong></span> 
     </span>
     <span class='ocr_line' id='line_1_5' title="bbox 263 700 1416 808; baseline -0.011 -38"><span class='ocrx_word' id='word_1_31' title='bbox 263 715 424 808; x_wconf 62' lang='lat' dir='ltr'><strong>artantur</strong></span> <span class='ocrx_word' id='word_1_32' title='bbox 444 704 479 767; x_wconf 93' lang='lat' dir='ltr'><strong>in</strong></span> <span class='ocrx_word' id='word_1_33' title='bbox 497 703 677 766; x_wconf 83' lang='lat' dir='ltr'><strong>bibliotheca</strong></span> <span class='ocrx_word' id='word_1_34' title='bbox 696 701 841 764; x_wconf 86' lang='lat' dir='ltr'><strong>Vaticana</strong></span> <span class='ocrx_word' id='word_1_35' title='bbox 847 747 856 778; x_wconf 90' lang='lat'><em>,</em></span> <span class='ocrx_word' id='word_1_36' title='bbox 877 701 969 764; x_wconf 82' lang='lat' dir='ltr'><strong>luisse</strong></span> <span class='ocrx_word' id='word_1_37' title='bbox 983 722 1080 783; x_wconf 86' lang='lat' dir='ltr'><strong>prope</strong></span> <span class='ocrx_word' id='word_1_38' title='bbox 1091 702 1274 781; x_wconf 70' lang='lat' dir='ltr'><strong>Ancyram</strong></span> <span class='ocrx_word' id='word_1_39' title='bbox 1290 700 1416 772; x_wconf 84' lang='lat' dir='ltr'><strong>locam,</strong></span> 
     </span>
     <span class='ocr_line' id='line_1_6' title="bbox 265 789 1418 957; baseline -0.006 -21"><span class='ocrx_word' id='word_1_40' title='bbox 265 789 801 957; x_wconf 58' lang='lat' dir='ltr'><strong>licilni⁶.iliiiiilit,¹iriii</strong></span> <span class='ocrx_word' id='word_1_41' title='bbox 815 795 1194 953; x_wconf 55' lang='lat' dir='ltr'><strong>illai‘iipii&#39;eissil?</strong></span> <span class='ocrx_word' id='word_1_42' title='bbox 1196 805 1418 950; x_wconf 45' lang='lat' dir='ltr'><strong>„2215ss</strong></span> 
     </span>
     <span class='ocr_line' id='line_1_7' title="bbox 260 950 1480 1038; baseline -0.007 -15"><span class='ocrx_word' id='word_1_43' title='bbox 260 964 541 1025; x_wconf 69' lang='lat' dir='ltr'><strong>&#39;consummaverat</strong></span> <span class='ocrx_word' id='word_1_44' title='bbox 571 959 645 1021; x_wconf 82' lang='lat' dir='ltr'><strong>haec</strong></span> <span class='ocrx_word' id='word_1_45' title='bbox 656 959 735 1020; x_wconf 92' lang='lat' dir='ltr'><strong>enim</strong></span> <span class='ocrx_word' id='word_1_46' title='bbox 748 959 980 1038; x_wconf 81' lang='lat' dir='ltr'><strong>alliclegnntnr:</strong></span> <span class='ocrx_word' id='word_1_47' title='bbox 1002 954 1037 1021; x_wconf 86' lang='lat' dir='ltr'><strong>ad</strong></span> <span class='ocrx_word' id='word_1_48' title='bbox 1050 953 1084 1020; x_wconf 77' lang='lat' dir='ltr'><strong>dl</strong></span> <span class='ocrx_word' id='word_1_49' title='bbox 1095 959 1205 1036; x_wconf 76' lang='grc' dir='ltr'><strong><em>τίμιον</em></strong></span> <span class='ocrx_word' id='word_1_50' title='bbox 1225 955 1297 1018; x_wconf 82' lang='lat' dir='ltr'><strong>saal</strong></span> <span class='ocrx_word' id='word_1_51' title='bbox 1317 950 1418 1036; x_wconf 68' lang='grc' dir='ltr'><strong><em>ἅγιοι</em></strong></span> <span class='ocrx_word' id='word_1_52' title='bbox 1479 957 1480 988; x_wconf 68' lang='lat'><em>³</em></span> 
     </span>
     <span class='ocr_line' id='line_1_8' title="bbox 265 1036 1414 1128; baseline -0.008 -17"><span class='ocrx_word' id='word_1_53' title='bbox 265 1049 416 1127; x_wconf 70' lang='grc' dir='ltr'><strong><em>λείψανον</em></strong></span> <span class='ocrx_word' id='word_1_54' title='bbox 430 1051 488 1111; x_wconf 73' lang='grc' dir='ltr'><strong>τοῦ</strong></span> <span class='ocrx_word' id='word_1_55' title='bbox 501 1048 650 1128; x_wconf 74' lang='grc' dir='ltr'><strong>μακαρίον</strong></span> <span class='ocrx_word' id='word_1_56' title='bbox 665 1039 846 1119; x_wconf 76' lang='grc' dir='ltr'><strong><em>Πλάτωνος,</em></strong></span> <span class='ocrx_word' id='word_1_57' title='bbox 868 1039 1007 1124; x_wconf 78' lang='grc' dir='ltr'><strong>λαβόντες</strong></span> <span class='ocrx_word' id='word_1_58' title='bbox 1023 1041 1056 1107; x_wconf 82' lang='lat' dir='ltr'><strong>oi</strong></span> <span class='ocrx_word' id='word_1_59' title='bbox 1070 1042 1288 1126; x_wconf 75' lang='grc' dir='ltr'><strong><em>Χριστιανοί,</em></strong></span> <span class='ocrx_word' id='word_1_60' title='bbox 1314 1036 1414 1104; x_wconf 71' lang='grc' dir='ltr'><em>κατέ-</em></span> 
     </span>
     <span class='ocr_line' id='line_1_9' title="bbox 266 1121 1090 1218; baseline -0.013 -19"><span class='ocrx_word' id='word_1_61' title='bbox 266 1139 362 1198; x_wconf 74' lang='grc' dir='ltr'><strong><em>θεντο</em></strong></span> <span class='ocrx_word' id='word_1_62' title='bbox 377 1129 411 1196; x_wconf 76' lang='lat' dir='ltr'><strong>lr</strong></span> <span class='ocrx_word' id='word_1_63' title='bbox 423 1136 466 1218; x_wconf 79' lang='lat' dir='ltr'><strong>aqi</strong></span> <span class='ocrx_word' id='word_1_64' title='bbox 478 1125 562 1217; x_wconf 79' lang='lat' dir='ltr'><strong>adsqi</strong></span> <span class='ocrx_word' id='word_1_65' title='bbox 576 1127 679 1216; x_wconf 75' lang='grc' dir='ltr'><strong><em>τόνῳ,</em></strong></span> <span class='ocrx_word' id='word_1_66' title='bbox 700 1133 744 1214; x_wconf 74' lang='grc' dir='ltr'><strong>τῷ</strong></span> <span class='ocrx_word' id='word_1_67' title='bbox 758 1129 953 1212; x_wconf 70' lang='grc' dir='ltr'><strong><em>λινιλεγομλνῳ</em></strong></span> <span class='ocrx_word' id='word_1_68' title='bbox 971 1121 1090 1212; x_wconf 78' lang='grc' dir='ltr'><strong><em>ιιοὶμπῳ.</em></strong></span> 
     </span>
     <span class='ocr_line' id='line_1_10' title="bbox 354 1213 1409 1298; baseline -0.012 -18"><span class='ocrx_word' id='word_1_69' title='bbox 354 1222 578 1280; x_wconf 80' lang='grc' dir='ltr'><strong><em>νανίκλεῖον</em></strong></span> <span class='ocrx_word' id='word_1_70' title='bbox 598 1238 630 1298; x_wconf 85' lang='lat' dir='ltr'><strong>p·</strong></span> <span class='ocrx_word' id='word_1_71' title='bbox 647 1219 706 1282; x_wconf 82' lang='lat'><strong>193</strong></span> <span class='ocrx_word' id='word_1_72' title='bbox 718 1233 750 1275; x_wconf 77' lang='lat' dir='ltr'><strong>v.</strong></span> <span class='ocrx_word' id='word_1_73' title='bbox 763 1219 794 1280; x_wconf 81' lang='lat'><strong>7.</strong></span> <span class='ocrx_word' id='word_1_74' title='bbox 836 1213 910 1294; x_wconf 88' lang='lat' dir='ltr'><strong>quid</strong></span> <span class='ocrx_word' id='word_1_75' title='bbox 923 1215 1203 1284; x_wconf 69' lang='lat' dir='ltr'><strong>coaeternaliter,</strong></span> <span class='ocrx_word' id='word_1_76' title='bbox 1232 1227 1409 1289; x_wconf 85' lang='lat' dir='ltr'><strong>nusquam</strong></span> 
     </span>
     <span class='ocr_line' id='line_1_11' title="bbox 269 1297 1408 1382; baseline -0.01 -19"><span class='ocrx_word' id='word_1_77' title='bbox 269 1301 343 1364; x_wconf 87' lang='lat' dir='ltr'><strong>satis</strong></span> <span class='ocrx_word' id='word_1_78' title='bbox 358 1303 541 1382; x_wconf 86' lang='lat' dir='ltr'><strong>explicatum</strong></span> <span class='ocrx_word' id='word_1_79' title='bbox 557 1302 699 1361; x_wconf 81' lang='lat' dir='ltr'><strong>occurrit.</strong></span> <span class='ocrx_word' id='word_1_80' title='bbox 739 1319 849 1360; x_wconf 83' lang='lat' dir='ltr'><strong>vereor</strong></span> <span class='ocrx_word' id='word_1_81' title='bbox 863 1309 961 1359; x_wconf 89' lang='lat' dir='ltr'><strong>autem</strong></span> <span class='ocrx_word' id='word_1_82' title='bbox 975 1309 1009 1359; x_wconf 90' lang='lat' dir='ltr'><strong>ut</strong></span> <span class='ocrx_word' id='word_1_83' title='bbox 1024 1299 1134 1377; x_wconf 85' lang='lat' dir='ltr'><strong>possim</strong></span> <span class='ocrx_word' id='word_1_84' title='bbox 1150 1297 1301 1357; x_wconf 72' lang='lat' dir='ltr'><strong>caedere</strong></span> <span class='ocrx_word' id='word_1_85' title='bbox 1317 1297 1408 1354; x_wconf 86' lang='lat' dir='ltr'><strong>Pon-</strong></span> 
     </span>
     <span class='ocr_line' id='line_1_12' title="bbox 269 1377 1407 1464; baseline -0.009 -16"><span class='ocrx_word' id='word_1_86' title='bbox 269 1398 343 1448; x_wconf 87' lang='lat' dir='ltr'><strong>tano</strong></span> <span class='ocrx_word' id='word_1_87' title='bbox 357 1406 456 1447; x_wconf 88' lang='lat' dir='ltr'><strong>arcam</strong></span> <span class='ocrx_word' id='word_1_88' title='bbox 467 1387 501 1447; x_wconf 90' lang='lat' dir='ltr'><strong>id</strong></span> <span class='ocrx_word' id='word_1_89' title='bbox 513 1395 545 1448; x_wconf 93' lang='lat' dir='ltr'><strong>et</strong></span> <span class='ocrx_word' id='word_1_90' title='bbox 555 1385 765 1446; x_wconf 83' lang='lat' dir='ltr'><strong>monasterium</strong></span> <span class='ocrx_word' id='word_1_91' title='bbox 782 1384 874 1444; x_wconf 84' lang='lat' dir='ltr'><strong>luisse</strong></span> <span class='ocrx_word' id='word_1_92' title='bbox 886 1383 1146 1464; x_wconf 80' lang='lat' dir='ltr'><strong>Constantinopoli</strong></span> <span class='ocrx_word' id='word_1_93' title='bbox 1161 1381 1289 1457; x_wconf 82' lang='lat' dir='ltr'><strong>aienti,</strong></span> <span class='ocrx_word' id='word_1_94' title='bbox 1318 1377 1407 1439; x_wconf 89' lang='lat' dir='ltr'><strong>notis</strong></span> 
     </span>
     <span class='ocr_line' id='line_1_13' title="bbox 270 1464 1402 1548; baseline -0.009 -16"><span class='ocrx_word' id='word_1_95' title='bbox 270 1471 310 1532; x_wconf 84' lang='lat' dir='ltr'><strong>ad</strong></span> <span class='ocrx_word' id='word_1_96' title='bbox 328 1493 356 1530; x_wconf 84' lang='lat' dir='ltr'><strong>c.</strong></span> <span class='ocrx_word' id='word_1_97' title='bbox 374 1471 451 1535; x_wconf 79' lang='lat'><strong>141.</strong></span> <span class='ocrx_word' id='word_1_98' title='bbox 468 1475 488 1540; x_wconf 86' lang='lat'>1</span> <span class='ocrx_word' id='word_1_99' title='bbox 505 1471 648 1532; x_wconf 72' lang='lat' dir='ltr'><strong>historiae</strong></span> <span class='ocrx_word' id='word_1_100' title='bbox 665 1470 881 1548; x_wconf 70' lang='lat' dir='ltr'><strong>Cannensem,</strong></span> <span class='ocrx_word' id='word_1_101' title='bbox 903 1469 955 1529; x_wconf 89' lang='lat' dir='ltr'><strong>ubi</strong></span> <span class='ocrx_word' id='word_1_102' title='bbox 974 1469 1011 1529; x_wconf 91' lang='lat' dir='ltr'><strong>de</strong></span> <span class='ocrx_word' id='word_1_103' title='bbox 1033 1467 1092 1528; x_wconf 89' lang='lat' dir='ltr'><strong>hoc</strong></span> <span class='ocrx_word' id='word_1_104' title='bbox 1111 1469 1178 1548; x_wconf 86' lang='lat' dir='ltr'><strong>ipso</strong></span> <span class='ocrx_word' id='word_1_105' title='bbox 1202 1464 1402 1547; x_wconf 81' lang='lat' dir='ltr'><strong>Nicephoro</strong></span> 
     </span>
     <span class='ocr_line' id='line_1_14' title="bbox 269 1553 1403 1637; baseline -0.005 -21"><span class='ocrx_word' id='word_1_106' title='bbox 269 1555 426 1634; x_wconf 75' lang='lat' dir='ltr'><strong>chumno,</strong></span> <span class='ocrx_word' id='word_1_107' title='bbox 449 1575 536 1637; x_wconf 90' lang='lat' dir='ltr'><strong>quem</strong></span> <span class='ocrx_word' id='word_1_108' title='bbox 557 1556 753 1636; x_wconf 80' lang='lat' dir='ltr'><strong>Pachymeres</strong></span> <span class='ocrx_word' id='word_1_109' title='bbox 772 1554 824 1616; x_wconf 87' lang='lat' dir='ltr'><strong>hic</strong></span> <span class='ocrx_word' id='word_1_110' title='bbox 846 1555 889 1615; x_wconf 90' lang='lat' dir='ltr'><strong>ait</strong></span> <span class='ocrx_word' id='word_1_111' title='bbox 911 1554 1041 1616; x_wconf 88' lang='lat' dir='ltr'><strong>canicleo</strong></span> <span class='ocrx_word' id='word_1_112' title='bbox 1063 1553 1289 1634; x_wconf 85' lang='lat' dir='ltr'><strong>praepositum</strong></span> <span class='ocrx_word' id='word_1_113' title='bbox 1304 1553 1403 1610; x_wconf 74' lang='lat' dir='ltr'><strong>tuneo</strong></span> 
     </span>
     <span class='ocr_line' id='line_1_15' title="bbox 271 1638 1396 1723; baseline -0.007 -21"><span class='ocrx_word' id='word_1_114' title='bbox 271 1642 311 1702; x_wconf 84' lang='lat' dir='ltr'><strong>ab</strong></span> <span class='ocrx_word' id='word_1_115' title='bbox 334 1640 490 1721; x_wconf 74' lang='lat' dir='ltr'><strong>Augusto,</strong></span> <span class='ocrx_word' id='word_1_116' title='bbox 512 1661 660 1723; x_wconf 81' lang='lat' dir='ltr'><strong>quemque</strong></span> <span class='ocrx_word' id='word_1_117' title='bbox 679 1643 765 1721; x_wconf 88' lang='lat' dir='ltr'><strong>prius</strong></span> <span class='ocrx_word' id='word_1_118' title='bbox 784 1661 816 1722; x_wconf 87' lang='lat' dir='ltr'><strong>p.</strong></span> <span class='ocrx_word' id='word_1_119' title='bbox 833 1638 892 1704; x_wconf 80' lang='lat' dir='ltr'><strong>tot</strong></span> <span class='ocrx_word' id='word_1_120' title='bbox 910 1661 941 1700; x_wconf 79' lang='grc' dir='ltr'><strong>ν.</strong></span> <span class='ocrx_word' id='word_1_121' title='bbox 957 1645 998 1705; x_wconf 85' lang='grc'><strong>17</strong></span> <span class='ocrx_word' id='word_1_122' title='bbox 1020 1638 1136 1699; x_wconf 83' lang='lat' dir='ltr'><strong>dixerat</strong></span> <span class='ocrx_word' id='word_1_123' title='bbox 1155 1657 1196 1698; x_wconf 84' lang='lat' dir='ltr'><strong>ex</strong></span> <span class='ocrx_word' id='word_1_124' title='bbox 1219 1645 1396 1717; x_wconf 77' lang='lat' dir='ltr'><strong>quaestore</strong></span> 
     </span>
     <span class='ocr_line' id='line_1_16' title="bbox 269 1725 1394 1807; baseline -0.007 -19"><span class='ocrx_word' id='word_1_125' title='bbox 269 1737 405 1788; x_wconf 82' lang='lat' dir='ltr'><strong>creatum</strong></span> <span class='ocrx_word' id='word_1_126' title='bbox 423 1727 461 1787; x_wconf 86' lang='lat' dir='ltr'><strong>ab</strong></span> <span class='ocrx_word' id='word_1_127' title='bbox 484 1729 589 1788; x_wconf 86' lang='lat' dir='ltr'><strong>eodem</strong></span> <span class='ocrx_word' id='word_1_128' title='bbox 608 1727 785 1807; x_wconf 86' lang='lat' dir='ltr'><strong>mysticum,</strong></span> <span class='ocrx_word' id='word_1_129' title='bbox 808 1725 1032 1785; x_wconf 83' lang='lat' dir='ltr'><strong>Centacnzenus</strong></span> <span class='ocrx_word' id='word_1_130' title='bbox 1050 1733 1263 1784; x_wconf 83' lang='lat' dir='ltr'><strong>consentanee</strong></span> <span class='ocrx_word' id='word_1_131' title='bbox 1283 1729 1394 1782; x_wconf 80' lang='lat' dir='ltr'><strong>nostro</strong></span> 
     </span>
     <span class='ocr_line' id='line_1_17' title="bbox 270 1803 1476 1892; baseline -0.006 -18"><span class='ocrx_word' id='word_1_132' title='bbox 270 1811 348 1874; x_wconf 90' lang='lat' dir='ltr'><strong>laaec</strong></span> <span class='ocrx_word' id='word_1_133' title='bbox 361 1813 481 1874; x_wconf 59' lang='lat' dir='ltr'><strong>sentit:</strong></span> <span class='ocrx_word' id='word_1_134' title='bbox 501 1813 554 1877; x_wconf 77' lang='lat' dir='ltr'><strong>nal</strong></span> <span class='ocrx_word' id='word_1_135' title='bbox 567 1811 586 1878; x_wconf 82' lang='lat' dir='ltr'><strong>d</strong></span> <span class='ocrx_word' id='word_1_136' title='bbox 598 1811 649 1876; x_wconf 68' lang='lat' dir='ltr'><strong>tet</strong></span> <span class='ocrx_word' id='word_1_137' title='bbox 662 1815 718 1877; x_wconf 79' lang='grc' dir='ltr'><strong>τοῦ</strong></span> <span class='ocrx_word' id='word_1_138' title='bbox 731 1809 902 1874; x_wconf 72' lang='lat' dir='ltr'><strong>malalee</strong></span> <span class='ocrx_word' id='word_1_139' title='bbox 914 1803 1122 1892; x_wconf 76' lang='grc' dir='ltr'><strong><em>Νινηφόροςὸ</em></strong></span> <span class='ocrx_word' id='word_1_140' title='bbox 1142 1811 1312 1889; x_wconf 75' lang='grc' dir='ltr'><strong><em>Χοῦμνος,</em></strong></span> <span class='ocrx_word' id='word_1_141' title='bbox 1336 1823 1390 1868; x_wconf 83' lang='grc' dir='ltr'><strong>σο-</strong></span> <span class='ocrx_word' id='word_1_142' title='bbox 1473 1803 1476 1830; x_wconf 60' lang='lat'><em>³</em></span> 
     </span>
     <span class='ocr_line' id='line_1_18' title="bbox 261 1887 1391 1982; baseline -0.01 -19"><span class='ocrx_word' id='word_1_143' title='bbox 261 1895 335 1976; x_wconf 65' lang='lat' dir='ltr'><strong>‘mdc</strong></span> <span class='ocrx_word' id='word_1_144' title='bbox 353 1892 431 1982; x_wconf 75' lang='grc' dir='ltr'><strong>ἆνὴρ</strong></span> <span class='ocrx_word' id='word_1_145' title='bbox 443 1897 495 1962; x_wconf 80' lang='lat' dir='ltr'><strong>sul</strong></span> <span class='ocrx_word' id='word_1_146' title='bbox 508 1892 683 1980; x_wconf 69' lang='grc' dir='ltr'><strong><em>θαυμάσιος</em></strong></span> <span class='ocrx_word' id='word_1_147' title='bbox 695 1896 728 1961; x_wconf 74' lang='grc' dir='ltr'><strong>ἐν</strong></span> <span class='ocrx_word' id='word_1_148' title='bbox 742 1891 910 1980; x_wconf 80' lang='grc' dir='ltr'><strong><em>φρονήσει,</em></strong></span> <span class='ocrx_word' id='word_1_149' title='bbox 934 1899 1049 1976; x_wconf 70' lang='grc' dir='ltr'><strong><em>πολλοῖς</em></strong></span> <span class='ocrx_word' id='word_1_150' title='bbox 1060 1915 1091 1957; x_wconf 79' lang='grc' dir='ltr'><strong>τε</strong></span> <span class='ocrx_word' id='word_1_151' title='bbox 1104 1887 1284 1958; x_wconf 51' lang='lat' dir='ltr'><strong>&amp;eludare</strong></span> <span class='ocrx_word' id='word_1_152' title='bbox 1298 1893 1391 1972; x_wconf 79' lang='grc' dir='ltr'><strong><em>βασι-</em></strong></span> 
     </span>
     <span class='ocr_line' id='line_1_19' title="bbox 270 1977 1388 2064; baseline -0.013 -17"><span class='ocrx_word' id='word_1_153' title='bbox 270 1980 347 2058; x_wconf 73' lang='grc' dir='ltr'><strong>λέως</strong></span> <span class='ocrx_word' id='word_1_154' title='bbox 370 1978 493 2058; x_wconf 66' lang='lat' dir='ltr'><strong>aristolao</strong></span> <span class='ocrx_word' id='word_1_155' title='bbox 510 2005 542 2046; x_wconf 83' lang='grc' dir='ltr'><strong>τε</strong></span> <span class='ocrx_word' id='word_1_156' title='bbox 560 1983 612 2046; x_wconf 76' lang='lat' dir='ltr'><strong>sul</strong></span> <span class='ocrx_word' id='word_1_157' title='bbox 631 1985 731 2064; x_wconf 75' lang='grc' dir='ltr'><strong><em>τιμῆς.</em></strong></span> <span class='ocrx_word' id='word_1_158' title='bbox 775 1993 803 2040; x_wconf 79' lang='lat' dir='ltr'><strong>er</strong></span> <span class='ocrx_word' id='word_1_159' title='bbox 815 1985 868 2063; x_wconf 77' lang='lat' dir='ltr'><strong>qui</strong></span> <span class='ocrx_word' id='word_1_160' title='bbox 878 1981 1012 2041; x_wconf 84' lang='lat' dir='ltr'><strong>canicleo</strong></span> <span class='ocrx_word' id='word_1_161' title='bbox 1021 1991 1165 2061; x_wconf 79' lang='lat' dir='ltr'><strong>praeerat</strong></span> <span class='ocrx_word' id='word_1_162' title='bbox 1179 1977 1388 2060; x_wconf 58' lang='lat' dir='ltr'><strong>Nicephorii:</strong></span> 
     </span>
     <span class='ocr_line' id='line_1_20' title="bbox 439 2063 1383 2150; baseline -0.007 -24"><span class='ocrx_word' id='word_1_163' title='bbox 439 2113 449 2147; x_wconf 77' lang='lat'>,</span> <span class='ocrx_word' id='word_1_164' title='bbox 466 2071 588 2150; x_wconf 84' lang='lat' dir='ltr'><strong>sapiens</strong></span> <span class='ocrx_word' id='word_1_165' title='bbox 603 2079 632 2128; x_wconf 85' lang='lat' dir='ltr'><strong>et</strong></span> <span class='ocrx_word' id='word_1_166' title='bbox 644 2072 740 2128; x_wconf 86' lang='lat' dir='ltr'><strong>mirae</strong></span> <span class='ocrx_word' id='word_1_167' title='bbox 745 2065 930 2148; x_wconf 82' lang='lat' dir='ltr'><strong>prudentiae</strong></span> <span class='ocrx_word' id='word_1_168' title='bbox 948 2068 1009 2146; x_wconf 83' lang='lat' dir='ltr'><strong>vir,</strong></span> <span class='ocrx_word' id='word_1_169' title='bbox 1031 2069 1064 2124; x_wconf 83' lang='lat' dir='ltr'><strong>a&#39;n</strong></span> <span class='ocrx_word' id='word_1_170' title='bbox 1074 2066 1190 2146; x_wconf 84' lang='lat' dir='ltr'><strong>primis</strong></span> <span class='ocrx_word' id='word_1_171' title='bbox 1203 2083 1305 2124; x_wconf 81' lang='lat' dir='ltr'><strong>carue</strong></span> <span class='ocrx_word' id='word_1_172' title='bbox 1321 2063 1383 2119; x_wconf 80' lang='lat' dir='ltr'><strong>ias-</strong></span> 
     </span>
     <span class='ocr_line' id='line_1_21' title="bbox 267 2145 1383 2236; baseline -0.009 -23"><span class='ocrx_word' id='word_1_173' title='bbox 267 2156 409 2236; x_wconf 80' lang='lat' dir='ltr'><strong>perators‘</strong></span> <span class='ocrx_word' id='word_1_174' title='bbox 423 2157 587 2236; x_wconf 79' lang='lat' dir='ltr'><strong>magnique</strong></span> <span class='ocrx_word' id='word_1_175' title='bbox 602 2155 641 2216; x_wconf 80' lang='lat' dir='ltr'><strong>ab</strong></span> <span class='ocrx_word' id='word_1_176' title='bbox 657 2175 690 2214; x_wconf 91' lang='lat' dir='ltr'><strong>eo</strong></span> <span class='ocrx_word' id='word_1_177' title='bbox 704 2153 841 2213; x_wconf 81' lang='lat' dir='ltr'><strong>habitus.</strong></span> <span class='ocrx_word' id='word_1_178' title='bbox 884 2171 983 2214; x_wconf 87' lang='lat' dir='ltr'><strong>arcem</strong></span> <span class='ocrx_word' id='word_1_179' title='bbox 1005 2151 1093 2212; x_wconf 82' lang='lat' dir='ltr'><strong>luisse</strong></span> <span class='ocrx_word' id='word_1_180' title='bbox 1112 2145 1383 2228; x_wconf 85' lang='lat' dir='ltr'><strong>Constantinopoli</strong></span> 
     </span>
     <span class='ocr_line' id='line_1_22' title="bbox 271 2229 1380 2317; baseline -0.009 -19"><span class='ocrx_word' id='word_1_181' title='bbox 271 2240 439 2299; x_wconf 89' lang='lat' dir='ltr'><strong>canicleam</strong></span> <span class='ocrx_word' id='word_1_182' title='bbox 462 2249 599 2300; x_wconf 82' lang='lat' dir='ltr'><strong>vocatam</strong></span> <span class='ocrx_word' id='word_1_183' title='bbox 622 2261 684 2300; x_wconf 88' lang='lat' dir='ltr'><strong>non</strong></span> <span class='ocrx_word' id='word_1_184' title='bbox 703 2239 823 2300; x_wconf 88' lang='lat' dir='ltr'><strong>memini</strong></span> <span class='ocrx_word' id='word_1_185' title='bbox 837 2239 951 2317; x_wconf 82' lang='lat' dir='ltr'><strong>legere,</strong></span> <span class='ocrx_word' id='word_1_186' title='bbox 973 2235 1145 2298; x_wconf 89' lang='lat' dir='ltr'><strong>monasterii</strong></span> <span class='ocrx_word' id='word_1_187' title='bbox 1159 2237 1225 2296; x_wconf 90' lang='lat' dir='ltr'><strong>eina</strong></span> <span class='ocrx_word' id='word_1_188' title='bbox 1242 2229 1380 2295; x_wconf 88' lang='lat' dir='ltr'><strong>nominis</strong></span> 
     </span>
     <span class='ocr_line' id='line_1_23' title="bbox 269 2321 1379 2398; baseline -0.008 -14"><span class='ocrx_word' id='word_1_189' title='bbox 269 2321 409 2384; x_wconf 82' lang='lat' dir='ltr'><strong>meminit</strong></span> <span class='ocrx_word' id='word_1_190' title='bbox 426 2324 524 2382; x_wconf 88' lang='lat' dir='ltr'><strong>obiter</strong></span> <span class='ocrx_word' id='word_1_191' title='bbox 545 2325 674 2384; x_wconf 85' lang='lat' dir='ltr'><strong>Zonaras</strong></span> <span class='ocrx_word' id='word_1_192' title='bbox 695 2323 727 2382; x_wconf 89' lang='lat' dir='ltr'><strong>iu</strong></span> <span class='ocrx_word' id='word_1_193' title='bbox 744 2324 850 2384; x_wconf 79' lang='lat' dir='ltr'><strong>Alexio</strong></span> <span class='ocrx_word' id='word_1_194' title='bbox 869 2325 1036 2398; x_wconf 74' lang='lat' dir='ltr'><strong>comneno,</strong></span> <span class='ocrx_word' id='word_1_195' title='bbox 1060 2321 1133 2380; x_wconf 90' lang='lat' dir='ltr'><strong>dnm</strong></span> <span class='ocrx_word' id='word_1_196' title='bbox 1146 2321 1188 2380; x_wconf 91' lang='lat' dir='ltr'><strong>ait</strong></span> <span class='ocrx_word' id='word_1_197' title='bbox 1204 2321 1379 2380; x_wconf 81' lang='lat' dir='ltr'><strong>comnenus</strong></span> 
     </span>
     <span class='ocr_line' id='line_1_24' title="bbox 269 2401 1373 2487; baseline -0.005 -19"><span class='ocrx_word' id='word_1_198' title='bbox 269 2406 380 2468; x_wconf 80' lang='lat' dir='ltr'><strong>fratros</strong></span> <span class='ocrx_word' id='word_1_199' title='bbox 394 2405 468 2465; x_wconf 89' lang='lat' dir='ltr'><strong>urbe</strong></span> <span class='ocrx_word' id='word_1_200' title='bbox 478 2401 565 2487; x_wconf 76' lang='lat' dir='ltr'><strong>capta</strong></span> <span class='ocrx_word' id='word_1_201' title='bbox 578 2408 637 2467; x_wconf 88' lang='lat' dir='ltr'><strong>iam</strong></span> <span class='ocrx_word' id='word_1_202' title='bbox 651 2426 774 2469; x_wconf 88' lang='lat' dir='ltr'><strong>securos</strong></span> <span class='ocrx_word' id='word_1_203' title='bbox 785 2427 925 2471; x_wconf 76' lang='lat' dir='ltr'><strong>euocasse</strong></span> <span class='ocrx_word' id='word_1_204' title='bbox 937 2418 1061 2469; x_wconf 85' lang='lat' dir='ltr'><strong>matrem</strong></span> <span class='ocrx_word' id='word_1_205' title='bbox 1077 2415 1107 2467; x_wconf 87' lang='lat' dir='ltr'><strong>et</strong></span> <span class='ocrx_word' id='word_1_206' title='bbox 1119 2407 1257 2483; x_wconf 78' lang='lat' dir='ltr'><strong>coniuges</strong></span> <span class='ocrx_word' id='word_1_207' title='bbox 1272 2425 1289 2465; x_wconf 86' lang='lat' dir='ltr'><strong>a</strong></span> <span class='ocrx_word' id='word_1_208' title='bbox 1303 2421 1373 2461; x_wconf 89' lang='lat' dir='ltr'><strong>mo-</strong></span> 
     </span>
     <span class='ocr_line' id='line_1_25' title="bbox 268 2481 1372 2571; baseline -0.003 -20"><span class='ocrx_word' id='word_1_209' title='bbox 268 2490 401 2552; x_wconf 83' lang='lat' dir='ltr'><strong>nasterio</strong></span> <span class='ocrx_word' id='word_1_210' title='bbox 422 2490 546 2551; x_wconf 82' lang='lat' dir='ltr'><strong>caniciei</strong></span> <span class='ocrx_word' id='word_1_211' title='bbox 567 2493 602 2553; x_wconf 92' lang='lat' dir='ltr'><strong>in</strong></span> <span class='ocrx_word' id='word_1_212' title='bbox 621 2489 776 2552; x_wconf 86' lang='lat' dir='ltr'><strong>Palatium.</strong></span> <span class='ocrx_word' id='word_1_213' title='bbox 817 2492 911 2554; x_wconf 74' lang='lat' dir='ltr'><strong>verba</strong></span> <span class='ocrx_word' id='word_1_214' title='bbox 933 2494 1065 2554; x_wconf 86' lang='lat' dir='ltr'><strong>Zonarae</strong></span> <span class='ocrx_word' id='word_1_215' title='bbox 1085 2502 1169 2553; x_wconf 70' lang='lat' dir='ltr'><strong>sunta</strong></span> <span class='ocrx_word' id='word_1_216' title='bbox 1201 2488 1260 2571; x_wconf 78' lang='grc' dir='ltr'><strong>ἤδη</strong></span> <span class='ocrx_word' id='word_1_217' title='bbox 1278 2489 1298 2549; x_wconf 86' lang='lat' dir='ltr'><strong>d</strong></span> <span class='ocrx_word' id='word_1_218' title='bbox 1303 2481 1314 2509; x_wconf 87' lang='lat'>²</span> <span class='ocrx_word' id='word_1_219' title='bbox 1333 2482 1372 2548; x_wconf 72' lang='lat' dir='ltr'><strong>dv</strong></span> 
     </span>
     <span class='ocr_line' id='line_1_26' title="bbox 270 2564 1364 2661; baseline -0.007 -22"><span class='ocrx_word' id='word_1_220' title='bbox 270 2569 406 2655; x_wconf 75' lang='lat' dir='ltr'><strong>rispetti</strong></span> <span class='ocrx_word' id='word_1_221' title='bbox 427 2570 583 2660; x_wconf 77' lang='grc' dir='ltr'><strong><em>γεγονότες</em></strong></span> <span class='ocrx_word' id='word_1_222' title='bbox 608 2576 642 2640; x_wconf 83' lang='lat' dir='ltr'><strong>ol</strong></span> <span class='ocrx_word' id='word_1_223' title='bbox 666 2574 826 2657; x_wconf 79' lang='lat' dir='ltr'><strong>Kopaqool</strong></span> <span class='ocrx_word' id='word_1_224' title='bbox 852 2576 904 2639; x_wconf 78' lang='lat' dir='ltr'><strong>sal</strong></span> <span class='ocrx_word' id='word_1_225' title='bbox 927 2575 985 2657; x_wconf 73' lang='lat' dir='ltr'><strong>seir</strong></span> <span class='ocrx_word' id='word_1_226' title='bbox 1005 2576 1117 2661; x_wconf 74' lang='grc' dir='ltr'><strong><em>μητέρα</em></strong></span> <span class='ocrx_word' id='word_1_227' title='bbox 1136 2580 1217 2655; x_wconf 77' lang='lat' dir='ltr'><strong>oanis</strong></span> <span class='ocrx_word' id='word_1_228' title='bbox 1237 2572 1288 2635; x_wconf 78' lang='lat' dir='ltr'><strong>nul</strong></span> <span class='ocrx_word' id='word_1_229' title='bbox 1308 2564 1364 2642; x_wconf 69' lang='lat' dir='ltr'><strong>ade</strong></span> 
     </span>
     <span class='ocr_line' id='line_1_27' title="bbox 269 2657 1387 2747; baseline -0.007 -22"><span class='ocrx_word' id='word_1_230' title='bbox 269 2657 466 2741; x_wconf 71' lang='lat' dir='ltr'><strong>dpeorlradac</strong></span> <span class='ocrx_word' id='word_1_231' title='bbox 486 2659 519 2725; x_wconf 72' lang='grc' dir='ltr'><strong>ἐκ</strong></span> <span class='ocrx_word' id='word_1_232' title='bbox 535 2668 591 2743; x_wconf 75' lang='grc' dir='ltr'><strong>τῆς</strong></span> <span class='ocrx_word' id='word_1_233' title='bbox 612 2666 710 2744; x_wconf 74' lang='grc' dir='ltr'><strong><em>μονῆς</em></strong></span> <span class='ocrx_word' id='word_1_234' title='bbox 730 2664 786 2725; x_wconf 79' lang='lat' dir='ltr'><strong>sori</strong></span> <span class='ocrx_word' id='word_1_235' title='bbox 805 2662 987 2725; x_wconf 77' lang='lat' dir='ltr'><strong>Kuvanlelou</strong></span> <span class='ocrx_word' id='word_1_236' title='bbox 1003 2659 1080 2747; x_wconf 78' lang='grc' dir='ltr'><strong>πρὸς</strong></span> <span class='ocrx_word' id='word_1_237' title='bbox 1092 2659 1129 2725; x_wconf 82' lang='lat' dir='ltr'><strong>rol</strong></span> <span class='ocrx_word' id='word_1_238' title='bbox 1141 2662 1268 2743; x_wconf 82' lang='grc' dir='ltr'><strong><em>βασίλεια</em></strong></span> <span class='ocrx_word' id='word_1_239' title='bbox 1280 2674 1364 2737; x_wconf 82' lang='grc' dir='ltr'><strong><em>μειε-</em></strong></span> <span class='ocrx_word' id='word_1_240' title='bbox 1383 2672 1387 2683; x_wconf 84' lang='grc'><strong>·“</strong></span> 
     </span>
     <span class='ocr_line' id='line_1_28' title="bbox 199 2738 1364 2829; baseline -0.011 -17"><span class='ocrx_word' id='word_1_241' title='bbox 199 2738 209 2763; x_wconf 76' lang='lat'>⁸</span> <span class='ocrx_word' id='word_1_242' title='bbox 273 2746 436 2811; x_wconf 70' lang='grc' dir='ltr'><strong><em>στείλαντο.</em></strong></span> <span class='ocrx_word' id='word_1_243' title='bbox 455 2756 555 2808; x_wconf 86' lang='lat' dir='ltr'><strong>tamen</strong></span> <span class='ocrx_word' id='word_1_244' title='bbox 572 2748 605 2809; x_wconf 90' lang='lat' dir='ltr'><strong>id</strong></span> <span class='ocrx_word' id='word_1_245' title='bbox 623 2748 842 2825; x_wconf 87' lang='lat' dir='ltr'><strong>monasterium,</strong></span> <span class='ocrx_word' id='word_1_246' title='bbox 865 2768 924 2829; x_wconf 90' lang='lat' dir='ltr'><strong>quo</strong></span> <span class='ocrx_word' id='word_1_247' title='bbox 939 2749 1102 2809; x_wconf 85' lang='lat' dir='ltr'><strong>abstractas</strong></span> <span class='ocrx_word' id='word_1_248' title='bbox 1114 2768 1130 2808; x_wconf 91' lang='lat' dir='ltr'><strong>e</strong></span> <span class='ocrx_word' id='word_1_249' title='bbox 1143 2746 1251 2827; x_wconf 84' lang='lat' dir='ltr'><strong>templo</strong></span> <span class='ocrx_word' id='word_1_250' title='bbox 1266 2746 1297 2804; x_wconf 84' lang='lat' dir='ltr'><strong>S.</strong></span> <span class='ocrx_word' id='word_1_251' title='bbox 1310 2742 1364 2799; x_wconf 84' lang='lat' dir='ltr'><strong>So-</strong></span> 
     </span>
     <span class='ocr_line' id='line_1_29' title="bbox 270 2830 1365 2914; baseline -0.001 -24"><span class='ocrx_word' id='word_1_252' title='bbox 270 2830 377 2913; x_wconf 85' lang='lat' dir='ltr'><strong>phiae,</strong></span> <span class='ocrx_word' id='word_1_253' title='bbox 397 2834 430 2891; x_wconf 91' lang='lat' dir='ltr'><strong>in</strong></span> <span class='ocrx_word' id='word_1_254' title='bbox 455 2835 536 2913; x_wconf 89' lang='lat' dir='ltr'><strong>quod</strong></span> <span class='ocrx_word' id='word_1_255' title='bbox 557 2834 634 2914; x_wconf 84' lang='lat' dir='ltr'><strong>asyli</strong></span> <span class='ocrx_word' id='word_1_256' title='bbox 652 2835 718 2895; x_wconf 88' lang='lat' dir='ltr'><strong>iure</strong></span> <span class='ocrx_word' id='word_1_257' title='bbox 737 2834 949 2913; x_wconf 82' lang='lat' dir='ltr'><strong>confugerant,</strong></span> <span class='ocrx_word' id='word_1_258' title='bbox 981 2843 1130 2895; x_wconf 84' lang='lat' dir='ltr'><strong>matronas</strong></span> <span class='ocrx_word' id='word_1_259' title='bbox 1152 2833 1365 2893; x_wconf 75' lang='lat' dir='ltr'><strong>Camunnorum</strong></span> 
     </span>
     <span class='ocr_line' id='line_1_30' title="bbox 270 2914 1369 2998; baseline -0.008 -17"><span class='ocrx_word' id='word_1_260' title='bbox 270 2916 445 2981; x_wconf 79' lang='lat' dir='ltr'><strong>Bataniates</strong></span> <span class='ocrx_word' id='word_1_261' title='bbox 466 2921 677 2998; x_wconf 78' lang='lat' dir='ltr'><strong>transtulerat,</strong></span> <span class='ocrx_word' id='word_1_262' title='bbox 709 2928 745 2979; x_wconf 90' lang='lat' dir='ltr'><strong>ut</strong></span> <span class='ocrx_word' id='word_1_263' title='bbox 765 2920 845 2979; x_wconf 87' lang='lat' dir='ltr'><strong>idem</strong></span> <span class='ocrx_word' id='word_1_264' title='bbox 867 2921 997 2980; x_wconf 72' lang='lat' dir='ltr'><strong>Zonaras</strong></span> <span class='ocrx_word' id='word_1_265' title='bbox 1016 2940 1088 2980; x_wconf 85' lang='lat' dir='ltr'><strong>mox</strong></span> <span class='ocrx_word' id='word_1_266' title='bbox 1112 2918 1171 2995; x_wconf 86' lang='lat' dir='ltr'><strong>uit,</strong></span> <span class='ocrx_word' id='word_1_267' title='bbox 1199 2920 1287 2978; x_wconf 79' lang='lat' dir='ltr'><strong>Anna</strong></span> <span class='ocrx_word' id='word_1_268' title='bbox 1305 2914 1369 2972; x_wconf 84' lang='lat' dir='ltr'><strong>Go-</strong></span> 
     </span>
     <span class='ocr_line' id='line_1_31' title="bbox 271 2992 1367 3088; baseline 0.008 -29"><span class='ocrx_word' id='word_1_269' title='bbox 271 3020 380 3063; x_wconf 84' lang='lat' dir='ltr'><strong>mnena</strong></span> <span class='ocrx_word' id='word_1_270' title='bbox 400 3022 465 3061; x_wconf 89' lang='lat' dir='ltr'><strong>ram</strong></span> <span class='ocrx_word' id='word_1_271' title='bbox 489 3006 613 3065; x_wconf 87' lang='lat' dir='ltr'><strong>eandem</strong></span> <span class='ocrx_word' id='word_1_272' title='bbox 632 3008 765 3065; x_wconf 86' lang='lat' dir='ltr'><strong>referens</strong></span> <span class='ocrx_word' id='word_1_273' title='bbox 785 3005 837 3070; x_wconf 92' lang='lat' dir='ltr'><strong>l.1</strong></span> <span class='ocrx_word' id='word_1_274' title='bbox 859 3025 892 3085; x_wconf 83' lang='lat' dir='ltr'><strong>p.</strong></span> <span class='ocrx_word' id='word_1_275' title='bbox 907 3006 950 3072; x_wconf 80' lang='lat'><strong>54</strong></span> <span class='ocrx_word' id='word_1_276' title='bbox 970 3014 1060 3065; x_wconf 85' lang='lat' dir='ltr'><strong>vocat</strong></span> <span class='ocrx_word' id='word_1_277' title='bbox 1079 3004 1255 3088; x_wconf 74' lang='grc' dir='ltr'><strong><em>γυναικεῖον</em></strong></span> <span class='ocrx_word' id='word_1_278' title='bbox 1274 2992 1367 3085; x_wconf 65' lang='grc' dir='ltr'><strong><em>μονήν</em></strong></span> 
     </span>
     <span class='ocr_line' id='line_1_32' title="bbox 271 3082 1368 3169; baseline -0.004 -20"><span class='ocrx_word' id='word_1_279' title='bbox 271 3088 501 3167; x_wconf 67' lang='lat' dir='ltr'><strong>adollamim,</strong></span> <span class='ocrx_word' id='word_1_280' title='bbox 523 3091 668 3149; x_wconf 80' lang='lat' dir='ltr'><strong>muliebre</strong></span> <span class='ocrx_word' id='word_1_281' title='bbox 687 3092 904 3149; x_wconf 84' lang='lat' dir='ltr'><strong>monasterium</strong></span> <span class='ocrx_word' id='word_1_282' title='bbox 921 3093 1114 3167; x_wconf 53' lang='lat' dir='ltr'><strong>Parioramp</strong></span> <span class='ocrx_word' id='word_1_283' title='bbox 1133 3088 1214 3169; x_wconf 90' lang='lat' dir='ltr'><strong>qnod</strong></span> <span class='ocrx_word' id='word_1_284' title='bbox 1230 3098 1262 3150; x_wconf 89' lang='lat' dir='ltr'><strong>et</strong></span> <span class='ocrx_word' id='word_1_285' title='bbox 1277 3088 1318 3148; x_wconf 88' lang='lat' dir='ltr'><strong>ait</strong></span> <span class='ocrx_word' id='word_1_286' title='bbox 1329 3082 1368 3142; x_wconf 82' lang='grc' dir='ltr'><strong>εἰ·</strong></span> 
     </span>
     <span class='ocr_line' id='line_1_33' title="bbox 271 3169 1365 3269; baseline 0.007 -38"><span class='ocrx_word' id='word_1_287' title='bbox 271 3172 453 3269; x_wconf 33' lang='lat' dir='ltr'><strong>tuan‘fuisse</strong></span> <span class='ocrx_word' id='word_1_288' title='bbox 470 3194 567 3255; x_wconf 81' lang='lat' dir='ltr'><strong>prope</strong></span> <span class='ocrx_word' id='word_1_289' title='bbox 591 3178 733 3235; x_wconf 83' lang='lat' dir='ltr'><strong>Ferreum</strong></span> <span class='ocrx_word' id='word_1_290' title='bbox 752 3170 810 3256; x_wconf 81' lang='grc' dir='ltr'><strong>τηίι</strong></span> <span class='ocrx_word' id='word_1_291' title='bbox 832 3169 927 3257; x_wconf 68' lang='lat' dir='ltr'><strong>cinari</strong></span> <span class='ocrx_word' id='word_1_292' title='bbox 946 3178 1001 3255; x_wconf 78' lang='grc' dir='ltr'><strong>τῆς</strong></span> <span class='ocrx_word' id='word_1_293' title='bbox 1018 3176 1154 3255; x_wconf 55' lang='lat' dir='ltr'><strong>aitqaue</strong></span> <span class='ocrx_word' id='word_1_294' title='bbox 1173 3172 1365 3256; x_wconf 52' lang='lat' dir='ltr'><strong>dsuetum·</strong></span> 
     </span>
     <span class='ocr_line' id='line_1_34' title="bbox 272 3259 1366 3340; baseline 0 -27"><span class='ocrx_word' id='word_1_295' title='bbox 272 3274 411 3337; x_wconf 75' lang='lat' dir='ltr'><strong>suspicor</strong></span> <span class='ocrx_word' id='word_1_296' title='bbox 430 3266 600 3324; x_wconf 81' lang='grc' dir='ltr'><strong><em>κανικλεῖον</em></strong></span> <span class='ocrx_word' id='word_1_297' title='bbox 619 3262 705 3321; x_wconf 88' lang='lat' dir='ltr'><strong>aedes</strong></span> <span class='ocrx_word' id='word_1_298' title='bbox 720 3260 812 3319; x_wconf 82' lang='lat' dir='ltr'><strong>luisse</strong></span> <span class='ocrx_word' id='word_1_299' title='bbox 827 3259 983 3340; x_wconf 89' lang='lat' dir='ltr'><strong>inquibus</strong></span> <span class='ocrx_word' id='word_1_300' title='bbox 999 3259 1228 3321; x_wconf 74' lang='lat' dir='ltr'><strong>assmvabantur</strong></span> <span class='ocrx_word' id='word_1_301' title='bbox 1243 3259 1366 3338; x_wconf 84' lang='lat' dir='ltr'><strong>scriptu·</strong></span> 
     </span>
     <span class='ocr_line' id='line_1_35' title="bbox 270 3337 1364 3427; baseline -0.005 -26"><span class='ocrx_word' id='word_1_302' title='bbox 270 3341 480 3420; x_wconf 75' lang='lat' dir='ltr'><strong>respublicae</strong></span> <span class='ocrx_word' id='word_1_303' title='bbox 501 3354 532 3405; x_wconf 88' lang='lat' dir='ltr'><strong>et</strong></span> <span class='ocrx_word' id='word_1_304' title='bbox 547 3346 600 3404; x_wconf 90' lang='lat' dir='ltr'><strong>ubi</strong></span> <span class='ocrx_word' id='word_1_305' title='bbox 620 3345 859 3427; x_wconf 85' lang='lat' dir='ltr'><strong>expediebantur</strong></span> <span class='ocrx_word' id='word_1_306' title='bbox 873 3344 1065 3424; x_wconf 83' lang='lat' dir='ltr'><strong>imperatoria</strong></span> <span class='ocrx_word' id='word_1_307' title='bbox 1083 3344 1263 3426; x_wconf 81' lang='lat' dir='ltr'><strong>diplomata,</strong></span> <span class='ocrx_word' id='word_1_308' title='bbox 1286 3337 1364 3423; x_wconf 84' lang='lat' dir='ltr'><strong>quale</strong></span> 
     </span>
     <span class='ocr_line' id='line_1_36' title="bbox 248 3424 1365 3509; baseline -0.002 -23"><span class='ocrx_word' id='word_1_309' title='bbox 248 3492 252 3497; x_wconf 48' lang='grc'><strong>,</strong></span> <span class='ocrx_word' id='word_1_310' title='bbox 271 3424 385 3486; x_wconf 84' lang='lat' dir='ltr'><strong>Romae</strong></span> <span class='ocrx_word' id='word_1_311' title='bbox 402 3428 512 3487; x_wconf 83' lang='lat' dir='ltr'><strong>visitur</strong></span> <span class='ocrx_word' id='word_1_312' title='bbox 529 3432 677 3509; x_wconf 84' lang='lat' dir='ltr'><strong>palatium</strong></span> <span class='ocrx_word' id='word_1_313' title='bbox 695 3430 907 3507; x_wconf 86' lang='lat' dir='ltr'><strong>cancellariae,</strong></span> <span class='ocrx_word' id='word_1_314' title='bbox 928 3432 1201 3509; x_wconf 86' lang='lat' dir='ltr'><strong>monasteriumque</strong></span> <span class='ocrx_word' id='word_1_315' title='bbox 1217 3430 1296 3491; x_wconf 89' lang='lat' dir='ltr'><strong>illud</strong></span> <span class='ocrx_word' id='word_1_316' title='bbox 1311 3427 1365 3489; x_wconf 84' lang='lat' dir='ltr'><strong>Pe-</strong></span> 
     </span>
     <span class='ocr_line' id='line_1_37' title="bbox 271 3511 1364 3595; baseline 0.003 -26"><span class='ocrx_word' id='word_1_317' title='bbox 271 3511 399 3570; x_wconf 74' lang='lat' dir='ltr'><strong>trios-nm</strong></span> <span class='ocrx_word' id='word_1_318' title='bbox 424 3515 546 3593; x_wconf 87' lang='lat' dir='ltr'><strong>proprie</strong></span> <span class='ocrx_word' id='word_1_319' title='bbox 571 3527 709 3577; x_wconf 85' lang='lat' dir='ltr'><strong>vocatum</strong></span> <span class='ocrx_word' id='word_1_320' title='bbox 731 3536 770 3575; x_wconf 82' lang='lat' dir='ltr'><strong>ex</strong></span> <span class='ocrx_word' id='word_1_321' title='bbox 789 3515 850 3575; x_wconf 85' lang='lat' dir='ltr'><strong>eius</strong></span> <span class='ocrx_word' id='word_1_322' title='bbox 871 3514 978 3574; x_wconf 83' lang='lat' dir='ltr'><strong>domus</strong></span> <span class='ocrx_word' id='word_1_323' title='bbox 1000 3514 1136 3595; x_wconf 87' lang='lat' dir='ltr'><strong>publicae</strong></span> <span class='ocrx_word' id='word_1_324' title='bbox 1151 3536 1186 3575; x_wconf 88' lang='lat' dir='ltr'><strong>ac</strong></span> <span class='ocrx_word' id='word_1_325' title='bbox 1201 3515 1364 3575; x_wconf 78' lang='lat' dir='ltr'><strong>notissimae</strong></span> 
     </span>
     <span class='ocr_line' id='line_1_38' title="bbox 268 3595 1364 3683; baseline 0.005 -28"><span class='ocrx_word' id='word_1_326' title='bbox 268 3595 384 3656; x_wconf 74' lang='lat' dir='ltr'><strong>vicinia</strong></span> <span class='ocrx_word' id='word_1_327' title='bbox 407 3596 574 3660; x_wconf 87' lang='lat' dir='ltr'><strong>indicatum</strong></span> <span class='ocrx_word' id='word_1_328' title='bbox 597 3611 627 3661; x_wconf 88' lang='lat' dir='ltr'><strong>et</strong></span> <span class='ocrx_word' id='word_1_329' title='bbox 646 3600 872 3683; x_wconf 81' lang='lat' dir='ltr'><strong>denominatum</strong></span> <span class='ocrx_word' id='word_1_330' title='bbox 893 3620 909 3658; x_wconf 86' lang='lat' dir='ltr'><strong>a</strong></span> <span class='ocrx_word' id='word_1_331' title='bbox 929 3602 1044 3661; x_wconf 89' lang='lat' dir='ltr'><strong>Zonara</strong></span> <span class='ocrx_word' id='word_1_332' title='bbox 1060 3600 1166 3677; x_wconf 82' lang='lat' dir='ltr'><strong>fnisse,</strong></span> <span class='ocrx_word' id='word_1_333' title='bbox 1187 3602 1364 3681; x_wconf 79' lang='lat' dir='ltr'><strong>praetectum</strong></span> 
     </span>
     <span class='ocr_line' id='line_1_39' title="bbox 268 3683 1364 3767; baseline 0.004 -28"><span class='ocrx_word' id='word_1_334' title='bbox 268 3690 370 3741; x_wconf 84' lang='lat' dir='ltr'><strong>antem</strong></span> <span class='ocrx_word' id='word_1_335' title='bbox 395 3683 522 3743; x_wconf 88' lang='lat' dir='ltr'><strong>caniclei</strong></span> <span class='ocrx_word' id='word_1_336' title='bbox 542 3697 699 3764; x_wconf 80' lang='lat' dir='ltr'><strong>uocatam,</strong></span> <span class='ocrx_word' id='word_1_337' title='bbox 721 3706 811 3767; x_wconf 86' lang='lat' dir='ltr'><strong>quem</strong></span> <span class='ocrx_word' id='word_1_338' title='bbox 834 3686 1045 3746; x_wconf 81' lang='lat' dir='ltr'><strong>cancellarium</strong></span> <span class='ocrx_word' id='word_1_339' title='bbox 1062 3686 1205 3763; x_wconf 83' lang='lat' dir='ltr'><strong>dicimus,</strong></span> <span class='ocrx_word' id='word_1_340' title='bbox 1227 3686 1278 3746; x_wconf 88' lang='lat' dir='ltr'><strong>oui</strong></span> <span class='ocrx_word' id='word_1_341' title='bbox 1298 3686 1364 3746; x_wconf 79' lang='lat' dir='ltr'><strong>esset</strong></span> 
     </span>
     <span class='ocr_line' id='line_1_40' title="bbox 208 3764 1361 3851; baseline 0.003 -28"><span class='ocrx_word' id='word_1_342' title='bbox 208 3819 216 3839; x_wconf 85' lang='grc'><em>,</em></span> <span class='ocrx_word' id='word_1_343' title='bbox 266 3766 411 3825; x_wconf 88' lang='lat' dir='ltr'><strong>tabularii</strong></span> <span class='ocrx_word' id='word_1_344' title='bbox 430 3770 506 3847; x_wconf 84' lang='lat' dir='ltr'><strong>regii</strong></span> <span class='ocrx_word' id='word_1_345' title='bbox 532 3772 665 3831; x_wconf 89' lang='lat' dir='ltr'><strong>custodia</strong></span> <span class='ocrx_word' id='word_1_346' title='bbox 687 3781 717 3832; x_wconf 90' lang='lat' dir='ltr'><strong>et</strong></span> <span class='ocrx_word' id='word_1_347' title='bbox 740 3770 912 3831; x_wconf 85' lang='lat' dir='ltr'><strong>chartarum</strong></span> <span class='ocrx_word' id='word_1_348' title='bbox 934 3771 1193 3851; x_wconf 89' lang='lat' dir='ltr'><strong>imperatoriarum</strong></span> <span class='ocrx_word' id='word_1_349' title='bbox 1220 3764 1361 3851; x_wconf 81' lang='lat' dir='ltr'><strong>expeditio</strong></span> 
     </span>
     <span class='ocr_line' id='line_1_41' title="bbox 269 3848 1363 3937; baseline 0.005 -30"><span class='ocrx_word' id='word_1_350' title='bbox 269 3852 443 3929; x_wconf 85' lang='lat' dir='ltr'><strong>commissa,</strong></span> <span class='ocrx_word' id='word_1_351' title='bbox 463 3855 596 3935; x_wconf 88' lang='lat' dir='ltr'><strong>amplum</strong></span> <span class='ocrx_word' id='word_1_352' title='bbox 617 3856 676 3916; x_wconf 86' lang='lat' dir='ltr'><strong>iam</strong></span> <span class='ocrx_word' id='word_1_353' title='bbox 701 3864 731 3917; x_wconf 89' lang='lat' dir='ltr'><strong>et</strong></span> <span class='ocrx_word' id='word_1_354' title='bbox 754 3855 879 3917; x_wconf 87' lang='lat' dir='ltr'><strong>celebris</strong></span> <span class='ocrx_word' id='word_1_355' title='bbox 900 3856 933 3915; x_wconf 92' lang='lat' dir='ltr'><strong>in</strong></span> <span class='ocrx_word' id='word_1_356' title='bbox 955 3857 1032 3916; x_wconf 86' lang='lat' dir='ltr'><strong>aulis</strong></span> <span class='ocrx_word' id='word_1_357' title='bbox 1048 3858 1186 3917; x_wconf 87' lang='lat' dir='ltr'><strong>omnibus</strong></span> <span class='ocrx_word' id='word_1_358' title='bbox 1202 3848 1363 3937; x_wconf 78' lang='lat' dir='ltr'><strong>splendoris</strong></span> 
     </span>
     <span class='ocr_line' id='line_1_42' title="bbox 221 3932 1362 4007; baseline 0.006 -17"><span class='ocrx_word' id='word_1_359' title='bbox 221 3951 228 3963; x_wconf 93' lang='lat'><strong>·</strong></span> <span class='ocrx_word' id='word_1_360' title='bbox 269 3932 413 3996; x_wconf 89' lang='lat' dir='ltr'><strong>officium.</strong></span> <span class='ocrx_word' id='word_1_361' title='bbox 446 3949 598 4000; x_wconf 87' lang='lat' dir='ltr'><strong>auctorem</strong></span> <span class='ocrx_word' id='word_1_362' title='bbox 612 3938 708 4001; x_wconf 78' lang='lat' dir='ltr'><strong>liabeo</strong></span> <span class='ocrx_word' id='word_1_363' title='bbox 722 3940 908 4002; x_wconf 69' lang='lat' dir='ltr'><strong>Budenicum</strong></span> <span class='ocrx_word' id='word_1_364' title='bbox 921 3940 943 4006; x_wconf 88' lang='lat' dir='ltr'><strong>l.</strong></span> <span class='ocrx_word' id='word_1_365' title='bbox 959 3946 976 4007; x_wconf 91' lang='lat'>1</span> <span class='ocrx_word' id='word_1_366' title='bbox 992 3942 1029 4001; x_wconf 92' lang='lat' dir='ltr'><strong>de</strong></span> <span class='ocrx_word' id='word_1_367' title='bbox 1046 3942 1142 4003; x_wconf 87' lang='lat' dir='ltr'><strong>Gestis</strong></span> <span class='ocrx_word' id='word_1_368' title='bbox 1155 3940 1301 4003; x_wconf 85' lang='lat' dir='ltr'><strong>Friderici</strong></span> <span class='ocrx_word' id='word_1_369' title='bbox 1314 3940 1362 3999; x_wconf 81' lang='lat' dir='ltr'><strong>in-</strong></span> 
     </span>
     <span class='ocr_line' id='line_1_43' title="bbox 271 4020 1363 4105; baseline 0.005 -30"><span class='ocrx_word' id='word_1_370' title='bbox 271 4021 420 4096; x_wconf 81' lang='lat' dir='ltr'><strong>peratoris</strong></span> <span class='ocrx_word' id='word_1_371' title='bbox 437 4032 462 4087; x_wconf 84' lang='lat' dir='ltr'><strong>c&#39;.</strong></span> <span class='ocrx_word' id='word_1_372' title='bbox 477 4024 530 4089; x_wconf 79' lang='grc'><strong>47.</strong></span> <span class='ocrx_word' id='word_1_373' title='bbox 574 4047 669 4103; x_wconf 84' lang='lat' dir='ltr'><strong>unae,</strong></span> <span class='ocrx_word' id='word_1_374' title='bbox 691 4024 748 4102; x_wconf 86' lang='lat' dir='ltr'><strong>ait,</strong></span> <span class='ocrx_word' id='word_1_375' title='bbox 771 4022 807 4084; x_wconf 88' lang='lat' dir='ltr'><strong>de</strong></span> <span class='ocrx_word' id='word_1_376' title='bbox 823 4030 919 4087; x_wconf 76' lang='lat' dir='ltr'><strong>servio</strong></span> <span class='ocrx_word' id='word_1_377' title='bbox 935 4024 1071 4105; x_wconf 82' lang='lat' dir='ltr'><strong>palatii,</strong></span> <span class='ocrx_word' id='word_1_378' title='bbox 1091 4027 1266 4087; x_wconf 83' lang='lat' dir='ltr'><strong>caniclinus</strong></span> <span class='ocrx_word' id='word_1_379' title='bbox 1287 4020 1363 4087; x_wconf 80' lang='lat' dir='ltr'><strong>oide-</strong></span> 
     </span>
     <span class='ocr_line' id='line_1_44' title="bbox 273 4098 1361 4197; baseline 0.006 -33"><span class='ocrx_word' id='word_1_380' title='bbox 273 4098 344 4197; x_wconf 66' lang='lat' dir='ltr'><strong>lt&#39;oft</strong></span> <span class='ocrx_word' id='word_1_381' title='bbox 350 4146 361 4177; x_wconf 87' lang='lat'><em>‚</em></span> <span class='ocrx_word' id='word_1_382' title='bbox 383 4127 471 4183; x_wconf 83' lang='lat' dir='ltr'><strong>quern</strong></span> <span class='ocrx_word' id='word_1_383' title='bbox 484 4131 539 4168; x_wconf 87' lang='lat' dir='ltr'><strong>nos</strong></span> <span class='ocrx_word' id='word_1_384' title='bbox 552 4112 770 4170; x_wconf 84' lang='lat' dir='ltr'><strong>cancellarium</strong></span> <span class='ocrx_word' id='word_1_385' title='bbox 783 4109 880 4169; x_wconf 80' lang='lat' dir='ltr'><strong>dicere</strong></span> <span class='ocrx_word' id='word_1_386' title='bbox 890 4132 1066 4189; x_wconf 82' lang='lat' dir='ltr'><strong>possumus.</strong></span> <span class='ocrx_word' id='word_1_387' title='bbox 1108 4113 1152 4174; x_wconf 86' lang='lat' dir='ltr'><strong>aie</strong></span> <span class='ocrx_word' id='word_1_388' title='bbox 1167 4112 1235 4190; x_wconf 84' lang='lat' dir='ltr'><strong>ille,</strong></span> <span class='ocrx_word' id='word_1_389' title='bbox 1255 4112 1361 4181; x_wconf 76' lang='lat' dir='ltr'><strong>metim,</strong></span> 
     </span>
     <span class='ocr_line' id='line_1_45' title="bbox 274 4194 1362 4275; baseline 0.003 -23"><span class='ocrx_word' id='word_1_390' title='bbox 274 4203 402 4265; x_wconf 74' lang='lat' dir='ltr'><strong>⁰P¹¹¹0,1·‚</strong></span> <span class='ocrx_word' id='word_1_391' title='bbox 423 4210 513 4269; x_wconf 90' lang='lat' dir='ltr'><strong>quam</strong></span> <span class='ocrx_word' id='word_1_392' title='bbox 530 4195 717 4271; x_wconf 86' lang='lat' dir='ltr'><strong>Gnntherus,</strong></span> <span class='ocrx_word' id='word_1_393' title='bbox 738 4195 791 4275; x_wconf 90' lang='lat' dir='ltr'><strong>qui</strong></span> <span class='ocrx_word' id='word_1_394' title='bbox 804 4194 891 4255; x_wconf 88' lang='lat' dir='ltr'><strong>metri</strong></span> <span class='ocrx_word' id='word_1_395' title='bbox 906 4196 985 4259; x_wconf 85' lang='lat' dir='ltr'><strong>forte</strong></span> <span class='ocrx_word' id='word_1_396' title='bbox 1000 4198 1242 4261; x_wconf 76' lang='lat' dir='ltr'><strong>commoditatem</strong></span> <span class='ocrx_word' id='word_1_397' title='bbox 1254 4205 1362 4259; x_wconf 82' lang='lat' dir='ltr'><strong>secatus</strong></span> 
     </span>
    </p>
   </div>
   <div class='ocr_carea' id='block_1_3' title="bbox 274 4268 1354 4363">
    <p class='ocr_par' dir='ltr' id='par_1_3' title="bbox 274 4268 1354 4363">
     <span class='ocr_line' id='line_1_46' title="bbox 274 4268 1354 4363; baseline 0.028 -36"><span class='ocrx_word' id='word_1_398' title='bbox 274 4268 466 4334; x_wconf 68' lang='lat' dir='ltr'><strong>amiclensem</strong></span> <span class='ocrx_word' id='word_1_399' title='bbox 480 4277 697 4363; x_wconf 83' lang='lat' dir='ltr'><strong>interpretatur</strong></span> <span class='ocrx_word' id='word_1_400' title='bbox 709 4283 922 4345; x_wconf 73' lang='lat' dir='ltr'><strong>camerariam.</strong></span> <span class='ocrx_word' id='word_1_401' title='bbox 1352 4302 1354 4312; x_wconf 91' lang='lat'>&#39;</span> 
     </span>
    </p>
   </div>
   <div class='ocr_carea' id='block_1_4' title="bbox 0 0 1515 4900">
    <p class='ocr_par' dir='ltr' id='par_1_4' title="bbox 0 0 1515 4900">
     <span class='ocr_line' id='line_1_47' title="bbox 0 0 1515 4900; baseline 0 0"><span class='ocrx_word' id='word_1_402' title='bbox 0 0 1515 4900; x_wconf 95' lang='lat' dir='ltr'><strong> </strong></span> 
     </span>
    </p>
   </div>
  </div>
 </body>
</html>
