3009 4900
458 306 539 378 uu.
561 307 589 376 1.
640 309 914 378 utosstttttur.
1161 313 1237 384 697

6 502 7 529 ;
113 469 251 557 prunis
269 474 424 556 privatum
443 474 559 537 lumina
579 475 739 536 oculorum
762 495 870 538 vocare
891 476 1061 557 potuerint,
1088 476 1177 557 quusi
1198 477 1238 536 sd

6 585 9 616 r
113 561 351 622 consolandam
363 561 560 622 ealsmitstsm
572 561 705 622 bominis
715 561 854 644 principe
866 581 1080 646 corporeorum
1095 581 1237 622 sensuum

6 669 9 704 :
114 647 251 723 orbsti;
282 667 343 727 quo
364 667 472 726 genem
492 647 592 708 solatii
612 667 761 708 recreasse
783 667 905 708 coecum
933 649 1094 728 Didymum
1111 665 1237 726 magnus
1254 663 1276 718 Ρ
1292 663 1342 719 491

116 733 207 791 olim
224 732 374 792 Antonius
387 732 513 812 legitur,
534 753 646 811 mguns
659 753 748 812 grass
761 732 808 794 illi
823 753 886 793 essa
898 733 1022 810 debere,
1043 733 1126 812 quod
1141 733 1236 792 desti-

117 827 272 877 tueretur
282 819 483 879 instrumento
497 837 643 898 corporeo
657 817 782 880 ridendi
800 819 953 878 cummuni
968 817 1083 880 bomini
1095 837 1162 878 cum
1177 835 1237 878 uu-

120 903 247 962 licibns
261 913 292 962 et
304 903 418 963 infimis
432 903 631 980 insectorum,
651 923 721 963 cum
739 913 839 964 mente
853 905 967 966 valeret
981 905 1149 964 aemulante
1162 923 1237 984 per-

122 990 288 1068 spioaoem
304 988 532 1068 intelligentiam
549 989 764 1048 immortalium
784 989 948 1064 mentium,
979 991 1151 1071 presssrtim
1166 1007 1236 1048 cum

123 1074 354 1152 ingeniosiorss
374 1084 406 1133 st
425 1074 575 1134 acutiores
599 1075 778 1154 plerumque
805 1074 929 1135 caeteris
956 1075 989 1134 in
1011 1074 1235 1156 operationibus

124 1160 248 1220 mentis
269 1159 337 1220 lues
355 1159 433 1219 esaei
453 1160 610 1220 oculorum
625 1160 814 1238 experientis
835 1160 1015 1239 probentur;
1037 1162 1118 1220 unde
1131 1170 1162 1219 st
1175 1159 1238 1218 lle-

126 1244 300 1304 mocritum
314 1245 421 1319 aiunt,
443 1264 502 1324 quo
519 1244 781 1326 philosopharetur
793 1247 921 1323 felicius,
941 1245 1026 1306 uitro
1040 1245 1098 1306 sibi
1113 1244 1236 1305 videndi

5 1365 9 1399 ὲ
127 1349 259 1390 ausum
271 1331 424 1390 ademisse.
466 1329 520 1390 sed
537 1330 610 1390 haec
624 1332 713 1391 nimis
726 1331 917 1392 muttum-s
929 1351 993 1391 rem
1006 1341 1149 1390 noenum.
1177 1328 1237 1389 buc

6 1452 8 1483 7
128 1416 253 1495 quippe
270 1415 368 1476 solum
380 1413 547 1494 significare
558 1416 659 1476 volni:
680 1436 734 1477 seu
745 1435 808 1478 rux
822 1417 927 1476 belina
952 1437 1057 1476 coecus
1069 1436 1123 1496 per
1135 1433 1172 1474 os
1186 1435 1238 1474 ssu

129 1521 249 1559 caecus
260 1521 315 1578 per
326 1521 361 1561 se
376 1499 540 1577 scribatur,
564 1511 595 1561 et
608 1501 692 1560 cuins
702 1495 746 1561 'es
760 1503 879 1562 demum
902 1521 1031 1580 cumque
1048 1502 1089 1562 sit
1102 1500 1238 1579 originis,

128 1586 212 1649 mibi
228 1585 327 1646 videri
347 1585 502 1666 probabile
527 1585 691 1646 monsebos
711 1587 857 1666 quosdam
885 1587 997 1666 pessim
1016 1587 1147 1647 celebres
1168 1586 1237 1645 meu

126 1672 267 1747 orbatos,
288 1671 648 1752 essonstsntinupoiitana
664 1672 759 1752 plebe,
781 1693 818 1733 ex
835 1673 986 1752 frequenti
998 1673 1141 1732 convictu
1157 1691 1239 1730 cuni-

129 1756 308 1836 mercioque
326 1756 504 1816 Latinorum
522 1757 618 1818 mults
638 1757 671 1816 in
695 1777 780 1818 suam
798 1758 943 1818 vocabula
959 1756 1094 1835 linguam
1108 1757 1239 1816 transle-

129 1851 223 1903 rente
239 1842 369 1918 καίκους
387 1842 452 1903 sire
473 1843 597 1916 κοίκους
614 1837 767 1923 novatoris
786 1843 901 1919 dictos,
930 1842 1021 1922 idque
1033 1843 1157 1920 vulgare
1169 1859 1237 1900 ver·

131 1927 209 1987 bum
230 1929 411 2009 expressisse
431 1928 496 1987 rol.
516 1927 532 1988 l
551 1949 582 2008 p.
602 1930 667 1994 489
685 1949 717 1988 v.
737 1934 787 1994 16.
816 1927 1044 2007 Pachyno-sm,
1071 1928 1143 1986 lieet
1173 1925 1238 1986 eius

131 2012 270 2089 librarii,
297 2013 439 2074 codicum
465 2031 541 2092 quos
565 2015 700 2073 vidimus
717 2013 935 2094 descriptores,
956 2013 989 2072 in
1011 2013 1073 2073 eius
1087 2011 1239 2091 scriptura

133 2098 224 2158 verbi
245 2098 354 2159 leviter
377 2100 559 2174 erraverint,
588 2095 719 2173 κόκκους
736 2119 792 2179 pro
810 2100 936 2172 καίκους
956 2107 1009 2157 sut
1025 2100 1148 2170 κοὶκους
1161 2097 1239 2156 scri·

135 2183 252 2245 bentes.
293 2183 412 2264 reperio
427 2184 508 2264 apud
521 2181 705 2264 Hesychium
718 2187 843 2258 nullom
857 2178 1010 2264 osipusosic
1021 2181 1178 2264 ‘Populum
1200 2201 1239 2240 an

135 2267 234 2346 magis
247 2265 356 2328 mirum
369 2269 465 2328 coelos
482 2289 588 2329 vocem
604 2269 736 2328 Latinam
761 2291 777 2328 s
796 2271 918 2330 Graecia
936 2268 974 2328 ad
988 2268 1068 2328 idem
1082 2267 1163 2347 quod
1177 2267 1242 2326 Ro-

136 2372 226 2413 mane
243 2362 332 2413 sonet
351 2353 582 2433 significandum
604 2364 798 2434 usurpatam,
836 2373 924 2436 quem
946 2361 1054 2418 καῖκον
1078 2353 1115 2412 sb
1135 2351 1242 2412 iisdem

135 2439 255 2501 dietum
273 2436 401 2519 sumtis,
429 2440 571 2521 quoniam
592 2440 636 2502 sic
655 2440 754 2501 huni
778 2440 911 2501 roranti
940 2452 972 2501 et
989 2439 1042 2499 bio
1060 2439 1149 2499 etiem
1170 2445 1243 2499 unte

136 2526 265 2587 ebusum
290 2526 480 2607 scriptionis,
510 2528 585 2587 dum
604 2532 712 2591 καῖλον
738 2537 890 2606 tamquam
917 2546 956 2587 ex
984 2526 1089 2584 Latino
1123 2525 1243 2583 eaelum

134 2612 252 2671 Graece
270 2612 435 2688 scribitur,
470 2612 554 2691 quod
576 2612 699 2673 omuino
721 2612 812 2672 scribi
832 2612 936 2672 debuit
960 2612 1084 2686 Latine,
1116 2610 1242 2670 coelum.

138 2706 183 2758 sst
196 2697 276 2757 enim
298 2697 453 2756 manifeste
473 2718 491 2755 a
504 2700 620 2757 Graeco
634 2703 740 2762 κοῖλον
761 2716 889 2771 cavum5
912 2706 947 2755 ut
957 2698 1056 2755 minus
1068 2702 1099 2751 te
1111 2704 1241 2768 morast,

138 2784 183 2859 si,
205 2782 289 2861 qnod
304 2783 490 2859 monuimus,
510 2783 693 2843 increbuerit
711 2802 784 2842 usus
807 2779 956 2841 scribendi
976 2798 1099 2854 ruerus,
1119 2796 1190 2837 cum
1202 2778 1243 2837 sit

139 2868 252 2929 rectius
264 2888 375 2927 cotem.

223 2953 555 3033 κουβουκλοίσκος
582 2972 611 3031 p·
633 2950 697 3015 480
722 2970 750 3008 v.
773 2950 803 3015 6.
846 2949 907 3027 egit
933 2946 971 3008 ds
995 2946 1112 3007 honore
1138 2946 1240 3006 habite

142 3039 260 3115 corpori
274 3048 345 3118 post
355 3039 478 3117 longum
492 3045 612 3116 tempus
632 3035 808 3116 incorrupto
823 3043 944 3115 reperto
965 3034 1120 3093 cuiusdam
1133 3052 1240 3093 mona-

143 3122 207 3198 chi,
229 3142 318 3201 quem
329 3124 576 3204 soudooeielusos
599 3122 692 3197 dicit,
721 3119 781 3180 boc
801 3129 862 3195 est,
885 3140 922 3179 er
942 3138 978 3179 eo
995 3138 1102 3199 genere
1115 3120 1166 3196 qui
1183 3138 1241 3176 ex-

143 3207 302 3288 quisition's
320 3208 476 3287 religionis
495 3228 584 3268 musa
609 3215 755 3289 perpetuo
776 3204 886 3267 inclusi
916 3204 1240 3285 cella'permanebautr
1311 3204 1316 3213 '

143 3293 275 3373 qnsiium
287 3314 357 3354 cum
372 3296 413 3355 sit
432 3293 610 3354 wamma
629 3292 663 3352 in
675 3290 884 3353 ecelesiasticis
897 3290 1031 3350 historiis
1044 3289 1167 3363 mentio,
1189 3289 1244 3347 lu·-

145 3378 284 3439 criiscere
302 3398 427 3459 operam
456 3400 580 3460 possum
602 3376 826 3439 demonstrandi
848 3375 922 3435 tales
944 3375 1079 3436 extitisse
1099 3375 1244 3453 exemplis

147 3484 218 3543 qnae
233 3465 343 3543 possim
359 3474 550 3525 occurrerent
562 3464 746 3543 colligendis.
783 3472 902 3522 tantum
916 3460 994 3537 dico,
1017 3480 1093 3540 quos
1108 3460 1243 3519 inclusos

148 3550 240 3608 Latini
255 3560 382 3627 vocant,
403 3548 487 3611 hice
504 3550 685 3629 Pachymere
697 3548 963 3629 κουβουκλεισίους
976 3545 1047 3625 dici,
1063 3547 1148 3627 qussi
1162 3548 1244 3604 clau-

147 3653 192 3694 sos
202 3634 359 3694 eubiculo:
388 3654 459 3695 uem
475 3638 691 3716 sovdouulsiou
718 3634 827 3693 Graeci
844 3634 1040 3715 posteriores,
1066 3650 1141 3691 vous
1158 3650 1174 3688 a
1190 3632 1244 3688 La.

147 3719 215 3778 tinis
238 3729 395 3799 mutuata,
422 3720 603 3780 cubiculum
630 3720 839 3801 appellarim,
872 3728 908 3777 ut
930 3719 1045 3777 dudum
1074 3716 1248 3775 observavit

147 3804 300 3865 biennius.
341 3804 460 3865 eosdem
471 3806 657 3888 lpxlsiurosg
671 3805 842 3865 nominatos
855 3803 1048 3881 intelligimus
1069 3820 1107 3859 ex
1121 3800 1247 3880 epistola

148 3892 175 3948 8.
189 3890 312 3949 dbbetis
327 3890 397 3967 Nili,
411 3892 433 3951 l.
446 3896 467 3955 2
481 3897 525 3958 96
538 3892 571 3951 in
585 3891 716 3951 editione
728 3909 843 3970 nupers
854 3889 960 3948 Leonis
968 3885 1072 3947 Allatii
1086 3890 1142 3949 τοῦ
1152 3881 1247 3947 πάνυ.

148 3994 180 4034 es
195 3976 370 4037 inscribitur
387 3980 667 4040 ΦΙΑΟΤΜΕΝΩι
677 3978 919 4038 ΕΓΚΛΙΣΤΩι.
948 3974 991 4031 ita
1003 3972 1140 4049 oportuit
1152 3972 1184 4031 in
1200 3992 1247 4030 ms

150 4060 310 4141 archetypo
333 4061 407 4141 legi,
437 4063 496 4128 nisi
523 4082 609 4123 error
638 4071 683 4122 est
708 4058 909 4142 typographis
937 4058 990 4118 sed
1015 4056 1110 4115 susim
1139 4056 1246 4136 quovis

150 4144 271 4225 pignora
286 4147 469 4208 contendere
484 4148 640 4232 dynlawssp
664 4147 812 4226 scriptum
831 4168 848 4205 a
864 4143 939 4202 Nilo.
984 4143 1045 4221 agit
1057 4140 1135 4200 onim
1150 4142 1248 4201 mani·

151 4233 219 4290 leste
239 4251 310 4291 cum
332 4231 469 4310 bomine,
500 4234 554 4313 qui
566 4242 675 4313 sponte
691 4232 825 4291 inclusus
842 4230 976 4307 degeret3
999 4246 1085 4305 quem
1106 4236 1136 4285 et
1148 4228 1248 4306 arguit

152 4316 227 4395 quod
243 4336 353 4399 perum
368 4326 568 4399 consentanee
582 4319 636 4379 teli
650 4316 831 4399 professioni
844 4316 969 4377 uiseret.
997 4311 1160 4375 describam
1176 4324 1247 4372 tau·-
