<?xml version="1.0" encoding="UTF-8"?>
<!DOCTYPE html PUBLIC "-//W3C//DTD XHTML 1.0 Transitional//EN"
    "http://www.w3.org/TR/xhtml1/DTD/xhtml1-transitional.dtd">
<html xmlns="http://www.w3.org/1999/xhtml" xml:lang="en" lang="en">
 <head>
  <title>
</title>
<meta http-equiv="Content-Type" content="text/html;charset=utf-8" />
  <meta name='ocr-system' content='tesseract 3.04.00' />
  <meta name='ocr-capabilities' content='ocr_page ocr_carea ocr_par ocr_line ocrx_word'/>
</head>
<body>
  <div class='ocr_page' id='page_1' title='image "./corpusscriptoru69theogoog_0715.png"; bbox 0 0 3009 4900; ppageno 0'>
   <div class='ocr_carea' id='block_1_1' title="bbox 309 331 1103 410">
    <p class='ocr_par' dir='ltr' id='par_1_1' title="bbox 309 331 1103 410">
     <span class='ocr_line' id='line_1_1' title="bbox 309 331 1103 410; baseline -0.006 -1"><span class='ocrx_word' id='word_1_1' title='bbox 309 335 383 410; x_wconf 78' lang='grc'><strong>708</strong></span> <span class='ocrx_word' id='word_1_2' title='bbox 614 333 848 404; x_wconf 76' lang='lat' dir='ltr'><strong>ousutsvtt.</strong></span> <span class='ocrx_word' id='word_1_3' title='bbox 869 331 1103 404; x_wconf 75' lang='lat' dir='ltr'><strong>PACHYMER.</strong></span> 
     </span>
    </p>
   </div>
   <div class='ocr_carea' id='block_1_2' title="bbox 308 498 1481 4415">
    <p class='ocr_par' dir='ltr' id='par_1_2' title="bbox 308 498 1481 4415">
     <span class='ocr_line' id='line_1_2' title="bbox 309 498 1433 584; baseline -0.007 -19"><span class='ocrx_word' id='word_1_4' title='bbox 309 503 467 583; x_wconf 86' lang='lat' dir='ltr'><strong>intemplo</strong></span> <span class='ocrx_word' id='word_1_5' title='bbox 481 503 608 562; x_wconf 80' lang='lat' dir='ltr'><strong>Serretes</strong></span> <span class='ocrx_word' id='word_1_6' title='bbox 621 498 766 584; x_wconf 70' lang='lat' dir='ltr'><strong>Sophite:</strong></span> <span class='ocrx_word' id='word_1_7' title='bbox 788 501 832 564; x_wconf 89' lang='lat' dir='ltr'><strong>ibi</strong></span> <span class='ocrx_word' id='word_1_8' title='bbox 852 501 949 580; x_wconf 89' lang='lat' dir='ltr'><strong>enim,</strong></span> <span class='ocrx_word' id='word_1_9' title='bbox 970 511 1006 562; x_wconf 95' lang='lat' dir='ltr'><strong>ut</strong></span> <span class='ocrx_word' id='word_1_10' title='bbox 1026 499 1121 578; x_wconf 81' lang='lat' dir='ltr'><strong>dixit,</strong></span> <span class='ocrx_word' id='word_1_11' title='bbox 1144 499 1342 560; x_wconf 75' lang='lat' dir='ltr'><strong>collocatum</strong></span> <span class='ocrx_word' id='word_1_12' title='bbox 1355 499 1433 558; x_wconf 78' lang='lat' dir='ltr'><strong>sne-</strong></span> 
     </span>
     <span class='ocr_line' id='line_1_3' title="bbox 308 584 1433 668; baseline -0.006 -18"><span class='ocrx_word' id='word_1_13' title='bbox 308 599 359 652; x_wconf 84' lang='lat' dir='ltr'><strong>ret</strong></span> <span class='ocrx_word' id='word_1_14' title='bbox 372 589 516 649; x_wconf 75' lang='lat' dir='ltr'><strong>teretrum</strong></span> <span class='ocrx_word' id='word_1_15' title='bbox 530 597 582 648; x_wconf 86' lang='lat' dir='ltr'><strong>eut</strong></span> <span class='ocrx_word' id='word_1_16' title='bbox 593 585 678 647; x_wconf 81' lang='lat' dir='ltr'><strong>thece</strong></span> <span class='ocrx_word' id='word_1_17' title='bbox 691 587 802 647; x_wconf 78' lang='lat' dir='ltr'><strong>ossium</strong></span> <span class='ocrx_word' id='word_1_18' title='bbox 812 589 930 648; x_wconf 67' lang='lat' dir='ltr'><strong>monii</strong></span> <span class='ocrx_word' id='word_1_19' title='bbox 944 589 1094 668; x_wconf 88' lang='lat' dir='ltr'><strong>quendem</strong></span> <span class='ocrx_word' id='word_1_20' title='bbox 1110 584 1317 668; x_wconf 74' lang='lat' dir='ltr'><strong>patriarchae,</strong></span> <span class='ocrx_word' id='word_1_21' title='bbox 1334 605 1433 663; x_wconf 75' lang='lat' dir='ltr'><strong>quam</strong></span> 
     </span>
     <span class='ocr_line' id='line_1_4' title="bbox 311 672 1431 752; baseline -0.008 -16"><span class='ocrx_word' id='word_1_22' title='bbox 311 675 465 736; x_wconf 74' lang='lat' dir='ltr'><strong>occasions</strong></span> <span class='ocrx_word' id='word_1_23' title='bbox 488 693 652 732; x_wconf 81' lang='lat' dir='ltr'><strong>concursus</strong></span> <span class='ocrx_word' id='word_1_24' title='bbox 672 672 758 734; x_wconf 82' lang='lat' dir='ltr'><strong>istius</strong></span> <span class='ocrx_word' id='word_1_25' title='bbox 777 673 830 732; x_wconf 79' lang='lat' dir='ltr'><strong>nti</strong></span> <span class='ocrx_word' id='word_1_26' title='bbox 852 673 901 734; x_wconf 88' lang='lat' dir='ltr'><strong>die</strong></span> <span class='ocrx_word' id='word_1_27' title='bbox 921 673 1038 733; x_wconf 86' lang='lat' dir='ltr'><strong>eotitem</strong></span> <span class='ocrx_word' id='word_1_28' title='bbox 1061 673 1192 752; x_wconf 83' lang='lat' dir='ltr'><strong>relinqui</strong></span> <span class='ocrx_word' id='word_1_29' title='bbox 1205 681 1359 750; x_wconf 72' lang='lat' dir='ltr'><strong>eperum</strong></span> <span class='ocrx_word' id='word_1_30' title='bbox 1377 672 1431 728; x_wconf 80' lang='lat' dir='ltr'><strong>eit</strong></span> 
     </span>
     <span class='ocr_line' id='line_1_5' title="bbox 309 755 1434 838; baseline -0.006 -17"><span class='ocrx_word' id='word_1_31' title='bbox 309 781 373 822; x_wconf 89' lang='lat' dir='ltr'><strong>non</strong></span> <span class='ocrx_word' id='word_1_32' title='bbox 384 779 478 835; x_wconf 74' lang='lat' dir='ltr'><strong>usne,</strong></span> <span class='ocrx_word' id='word_1_33' title='bbox 500 759 624 838; x_wconf 83' lang='lat' dir='ltr'>opinor,</span> <span class='ocrx_word' id='word_1_34' title='bbox 644 758 817 818; x_wconf 80' lang='lat' dir='ltr'><strong>coniectus-e</strong></span> <span class='ocrx_word' id='word_1_35' title='bbox 832 759 924 818; x_wconf 75' lang='lat' dir='ltr'><strong>fuerit</strong></span> <span class='ocrx_word' id='word_1_36' title='bbox 943 759 1068 820; x_wconf 84' lang='lat' dir='ltr'><strong>electum</strong></span> <span class='ocrx_word' id='word_1_37' title='bbox 1084 755 1166 818; x_wconf 88' lang='lat' dir='ltr'><strong>hunc</strong></span> <span class='ocrx_word' id='word_1_38' title='bbox 1180 758 1284 817; x_wconf 86' lang='lat' dir='ltr'><strong>locum</strong></span> <span class='ocrx_word' id='word_1_39' title='bbox 1306 757 1346 814; x_wconf 89' lang='lat' dir='ltr'><strong>in</strong></span> <span class='ocrx_word' id='word_1_40' title='bbox 1365 776 1434 836; x_wconf 85' lang='lat' dir='ltr'><strong>quo</strong></span> 
     </span>
     <span class='ocr_line' id='line_1_6' title="bbox 311 842 1430 926; baseline -0.002 -21"><span class='ocrx_word' id='word_1_41' title='bbox 311 845 500 926; x_wconf 86' lang='lat' dir='ltr'><strong>potissimum</strong></span> <span class='ocrx_word' id='word_1_42' title='bbox 518 843 648 904; x_wconf 85' lang='lat' dir='ltr'><strong>residere</strong></span> <span class='ocrx_word' id='word_1_43' title='bbox 665 843 784 921; x_wconf 83' lang='lat' dir='ltr'><strong>eogelos</strong></span> <span class='ocrx_word' id='word_1_44' title='bbox 809 843 996 920; x_wconf 77' lang='lat' dir='ltr'><strong>crederetur,</strong></span> <span class='ocrx_word' id='word_1_45' title='bbox 1024 863 1062 902; x_wconf 81' lang='lat' dir='ltr'><strong>ex</strong></span> <span class='ocrx_word' id='word_1_46' title='bbox 1079 863 1114 902; x_wconf 91' lang='lat' dir='ltr'><strong>eo</strong></span> <span class='ocrx_word' id='word_1_47' title='bbox 1138 842 1219 922; x_wconf 92' lang='lat' dir='ltr'><strong>quod</strong></span> <span class='ocrx_word' id='word_1_48' title='bbox 1234 843 1313 900; x_wconf 84' lang='lat' dir='ltr'><strong>Luc.</strong></span> <span class='ocrx_word' id='word_1_49' title='bbox 1344 845 1361 902; x_wconf 89' lang='lat'>1</span> <span class='ocrx_word' id='word_1_50' title='bbox 1393 847 1430 903; x_wconf 84' lang='lat'><strong>11</strong></span> 
     </span>
     <span class='ocr_line' id='line_1_7' title="bbox 311 925 1433 1008; baseline -0.007 -18"><span class='ocrx_word' id='word_1_51' title='bbox 311 943 400 990; x_wconf 75' lang='lat' dir='ltr'><strong>stane</strong></span> <span class='ocrx_word' id='word_1_52' title='bbox 416 951 438 987; x_wconf 85' lang='lat' dir='ltr'><em>a</em></span> <span class='ocrx_word' id='word_1_53' title='bbox 451 927 565 988; x_wconf 74' lang='lat' dir='ltr'><strong>dextris</strong></span> <span class='ocrx_word' id='word_1_54' title='bbox 575 929 688 988; x_wconf 68' lang='lat' dir='ltr'><strong>altario</strong></span> <span class='ocrx_word' id='word_1_55' title='bbox 701 931 815 987; x_wconf 81' lang='lat' dir='ltr'><strong>incensi</strong></span> <span class='ocrx_word' id='word_1_56' title='bbox 830 932 1011 1008; x_wconf 81' lang='lat' dir='ltr'><strong>apparuisse</strong></span> <span class='ocrx_word' id='word_1_57' title='bbox 1023 929 1194 987; x_wconf 73' lang='lat' dir='ltr'><strong><em>Zachariae</em></strong></span> <span class='ocrx_word' id='word_1_58' title='bbox 1208 928 1358 1006; x_wconf 66' lang='lat' dir='ltr'><strong>angelus</strong></span> <span class='ocrx_word' id='word_1_59' title='bbox 1381 925 1433 982; x_wconf 77' lang='lat' dir='ltr'><strong>di.</strong></span> 
     </span>
     <span class='ocr_line' id='line_1_8' title="bbox 312 1011 1436 1094; baseline -0.006 -20"><span class='ocrx_word' id='word_1_60' title='bbox 312 1019 414 1094; x_wconf 78' lang='lat' dir='ltr'><strong>citur3</strong></span> <span class='ocrx_word' id='word_1_61' title='bbox 436 1013 516 1073; x_wconf 86' lang='lat' dir='ltr'><strong>unde</strong></span> <span class='ocrx_word' id='word_1_62' title='bbox 530 1015 563 1073; x_wconf 89' lang='lat' dir='ltr'><strong>in</strong></span> <span class='ocrx_word' id='word_1_63' title='bbox 577 1015 660 1073; x_wconf 83' lang='lat' dir='ltr'><strong>illem</strong></span> <span class='ocrx_word' id='word_1_64' title='bbox 672 1023 823 1093; x_wconf 82' lang='lat' dir='ltr'><strong>temqurm</strong></span> <span class='ocrx_word' id='word_1_65' title='bbox 841 1013 1003 1092; x_wconf 76' lang='lat' dir='ltr'><strong>legitimam</strong></span> <span class='ocrx_word' id='word_1_66' title='bbox 1017 1023 1046 1073; x_wconf 89' lang='lat' dir='ltr'><strong>et</strong></span> <span class='ocrx_word' id='word_1_67' title='bbox 1060 1013 1151 1073; x_wconf 81' lang='lat' dir='ltr'><strong>sectis</strong></span> <span class='ocrx_word' id='word_1_68' title='bbox 1166 1011 1300 1072; x_wconf 78' lang='lat' dir='ltr'><strong>oraculis</strong></span> <span class='ocrx_word' id='word_1_69' title='bbox 1315 1011 1436 1071; x_wconf 77' lang='lat' dir='ltr'><strong>decla-</strong></span> 
     </span>
     <span class='ocr_line' id='line_1_9' title="bbox 311 1097 1433 1179; baseline -0.005 -17"><span class='ocrx_word' id='word_1_70' title='bbox 311 1111 408 1162; x_wconf 81' lang='lat' dir='ltr'><strong>retem</strong></span> <span class='ocrx_word' id='word_1_71' title='bbox 423 1099 598 1178; x_wconf 74' lang='lat' dir='ltr'><strong>angelorum</strong></span> <span class='ocrx_word' id='word_1_72' title='bbox 612 1099 713 1159; x_wconf 81' lang='lat' dir='ltr'><strong>eedem</strong></span> <span class='ocrx_word' id='word_1_73' title='bbox 729 1119 766 1158; x_wconf 80' lang='lat' dir='ltr'><strong>ec</strong></span> <span class='ocrx_word' id='word_1_74' title='bbox 778 1099 862 1178; x_wconf 77' lang='lat' dir='ltr'><strong>queri</strong></span> <span class='ocrx_word' id='word_1_75' title='bbox 879 1100 1036 1158; x_wconf 72' lang='lat' dir='ltr'><strong>stationem</strong></span> <span class='ocrx_word' id='word_1_76' title='bbox 1053 1097 1157 1179; x_wconf 86' lang='lat' dir='ltr'><strong>populi</strong></span> <span class='ocrx_word' id='word_1_77' title='bbox 1177 1098 1302 1174; x_wconf 82' lang='lat' dir='ltr'><strong>engetos</strong></span> <span class='ocrx_word' id='word_1_78' title='bbox 1323 1117 1433 1156; x_wconf 80' lang='lat' dir='ltr'><strong>vene-</strong></span> 
     </span>
     <span class='ocr_line' id='line_1_10' title="bbox 310 1182 1433 1263; baseline -0.008 -16"><span class='ocrx_word' id='word_1_79' title='bbox 310 1185 407 1247; x_wconf 74' lang='lat' dir='ltr'><strong>rantis</strong></span> <span class='ocrx_word' id='word_1_80' title='bbox 421 1184 541 1243; x_wconf 87' lang='lat' dir='ltr'><strong>devotio</strong></span> <span class='ocrx_word' id='word_1_81' title='bbox 557 1185 696 1249; x_wconf 78' lang='lat' dir='ltr'><strong>serretur.</strong></span> <span class='ocrx_word' id='word_1_82' title='bbox 739 1203 801 1263; x_wconf 87' lang='lat' dir='ltr'><strong>quo</strong></span> <span class='ocrx_word' id='word_1_83' title='bbox 816 1183 944 1262; x_wconf 85' lang='lat' dir='ltr'><strong>pertinet</strong></span> <span class='ocrx_word' id='word_1_84' title='bbox 959 1183 1073 1242; x_wconf 89' lang='lat' dir='ltr'><strong>dictum</strong></span> <span class='ocrx_word' id='word_1_85' title='bbox 1091 1182 1196 1242; x_wconf 81' lang='lat' dir='ltr'><strong>ttitsrii</strong></span> <span class='ocrx_word' id='word_1_86' title='bbox 1213 1183 1285 1240; x_wconf 83' lang='lat' dir='ltr'><strong>Cen.</strong></span> <span class='ocrx_word' id='word_1_87' title='bbox 1304 1183 1374 1242; x_wconf 84' lang='lat' dir='ltr'><strong>ult.</strong></span> <span class='ocrx_word' id='word_1_88' title='bbox 1398 1183 1433 1239; x_wconf 89' lang='lat' dir='ltr'><strong>in</strong></span> 
     </span>
     <span class='ocr_line' id='line_1_11' title="bbox 309 1267 1433 1348; baseline -0.005 -16"><span class='ocrx_word' id='word_1_89' title='bbox 309 1269 511 1344; x_wconf 78' lang='lat' dir='ltr'><strong>Mettbeeum,</strong></span> <span class='ocrx_word' id='word_1_90' title='bbox 533 1269 711 1329; x_wconf 74' lang='lat' dir='ltr'><strong>affirmantis</strong></span> <span class='ocrx_word' id='word_1_91' title='bbox 726 1269 922 1348; x_wconf 75' lang='lat' dir='ltr'><strong>significatum</strong></span> <span class='ocrx_word' id='word_1_92' title='bbox 934 1269 1073 1330; x_wconf 83' lang='lat' dir='ltr'><strong>scissione</strong></span> <span class='ocrx_word' id='word_1_93' title='bbox 1087 1267 1157 1344; x_wconf 81' lang='lat' dir='ltr'><strong>veli,</strong></span> <span class='ocrx_word' id='word_1_94' title='bbox 1178 1287 1255 1348; x_wconf 84' lang='lat' dir='ltr'><strong>quse</strong></span> <span class='ocrx_word' id='word_1_95' title='bbox 1267 1267 1302 1325; x_wconf 92' lang='lat' dir='ltr'><strong>in</strong></span> <span class='ocrx_word' id='word_1_96' title='bbox 1319 1277 1433 1326; x_wconf 74' lang='lat' dir='ltr'><strong>morte</strong></span> 
     </span>
     <span class='ocr_line' id='line_1_12' title="bbox 311 1353 1431 1432; baseline -0.004 -18"><span class='ocrx_word' id='word_1_97' title='bbox 311 1355 423 1414; x_wconf 79' lang='lat' dir='ltr'><strong>christi</strong></span> <span class='ocrx_word' id='word_1_98' title='bbox 448 1354 593 1430; x_wconf 83' lang='lat' dir='ltr'><strong>contigit,</strong></span> <span class='ocrx_word' id='word_1_99' title='bbox 624 1355 786 1414; x_wconf 80' lang='lat' dir='ltr'><strong>discessum</strong></span> <span class='ocrx_word' id='word_1_100' title='bbox 805 1355 978 1432; x_wconf 70' lang='lat' dir='ltr'><strong>angelorum</strong></span> <span class='ocrx_word' id='word_1_101' title='bbox 996 1374 1014 1411; x_wconf 82' lang='lat' dir='ltr'><strong>e</strong></span> <span class='ocrx_word' id='word_1_102' title='bbox 1041 1353 1175 1412; x_wconf 86' lang='lat' dir='ltr'><strong>custodie</strong></span> <span class='ocrx_word' id='word_1_103' title='bbox 1198 1371 1385 1432; x_wconf 71' lang='lat' dir='ltr'><strong>synagogae</strong></span> <span class='ocrx_word' id='word_1_104' title='bbox 1399 1363 1431 1410; x_wconf 87' lang='lat' dir='ltr'><strong>et</strong></span> 
     </span>
     <span class='ocr_line' id='line_1_13' title="bbox 311 1437 1431 1519; baseline -0.004 -19"><span class='ocrx_word' id='word_1_105' title='bbox 311 1457 466 1500; x_wconf 69' lang='lat' dir='ltr'><strong>mororum</strong></span> <span class='ocrx_word' id='word_1_106' title='bbox 481 1439 689 1515; x_wconf 73' lang='lat' dir='ltr'><strong>Iudaicorum,</strong></span> <span class='ocrx_word' id='word_1_107' title='bbox 713 1441 820 1519; x_wconf 81' lang='lat' dir='ltr'><strong>quibus</strong></span> <span class='ocrx_word' id='word_1_108' title='bbox 840 1439 1027 1500; x_wconf 80' lang='lat' dir='ltr'><strong>excubebent</strong></span> <span class='ocrx_word' id='word_1_109' title='bbox 1045 1439 1083 1498; x_wconf 91' lang='lat' dir='ltr'><strong>ed</strong></span> <span class='ocrx_word' id='word_1_110' title='bbox 1100 1438 1202 1498; x_wconf 78' lang='lat' dir='ltr'><strong>velum</strong></span> <span class='ocrx_word' id='word_1_111' title='bbox 1217 1437 1334 1516; x_wconf 87' lang='lat' dir='ltr'><strong>templi</strong></span> <span class='ocrx_word' id='word_1_112' title='bbox 1348 1457 1431 1496; x_wconf 77' lang='lat' dir='ltr'><strong>oon-</strong></span> 
     </span>
     <span class='ocr_line' id='line_1_14' title="bbox 309 1521 1481 1606; baseline -0.004 -21"><span class='ocrx_word' id='word_1_113' title='bbox 309 1525 466 1598; x_wconf 88' lang='lat' dir='ltr'><strong>eietentee‚</strong></span> <span class='ocrx_word' id='word_1_114' title='bbox 495 1521 555 1584; x_wconf 85' lang='lat' dir='ltr'><strong>hoc</strong></span> <span class='ocrx_word' id='word_1_115' title='bbox 577 1534 623 1584; x_wconf 88' lang='lat' dir='ltr'><strong>eet</strong></span> <span class='ocrx_word' id='word_1_116' title='bbox 642 1545 736 1606; x_wconf 88' lang='lat' dir='ltr'><strong>prope</strong></span> <span class='ocrx_word' id='word_1_117' title='bbox 757 1526 851 1584; x_wconf 78' lang='lat' dir='ltr'><strong>ultore</strong></span> <span class='ocrx_word' id='word_1_118' title='bbox 870 1525 1001 1600; x_wconf 77' lang='lat' dir='ltr'><strong>incensi,</strong></span> <span class='ocrx_word' id='word_1_119' title='bbox 1030 1523 1110 1604; x_wconf 91' lang='lat' dir='ltr'><strong>quod</strong></span> <span class='ocrx_word' id='word_1_120' title='bbox 1128 1525 1233 1582; x_wconf 84' lang='lat' dir='ltr'><strong>intime</strong></span> <span class='ocrx_word' id='word_1_121' title='bbox 1254 1523 1430 1582; x_wconf 80' lang='lat' dir='ltr'><strong>admotum</strong></span> <span class='ocrx_word' id='word_1_122' title='bbox 1480 1553 1481 1572; x_wconf 63' lang='grc' dir='ltr'><strong>ι</strong></span> 
     </span>
     <span class='ocr_line' id='line_1_15' title="bbox 310 1609 1431 1692; baseline -0.005 -20"><span class='ocrx_word' id='word_1_123' title='bbox 310 1610 380 1672; x_wconf 80' lang='lat' dir='ltr'><strong>velo</strong></span> <span class='ocrx_word' id='word_1_124' title='bbox 394 1617 458 1668; x_wconf 87' lang='lat' dir='ltr'><strong>eret</strong></span> <span class='ocrx_word' id='word_1_125' title='bbox 475 1617 762 1669; x_wconf 74' lang='lat' dir='ltr'><strong>sanctasanctorum</strong></span> <span class='ocrx_word' id='word_1_126' title='bbox 778 1609 943 1692; x_wconf 86' lang='lat' dir='ltr'><strong>operienti,</strong></span> <span class='ocrx_word' id='word_1_127' title='bbox 965 1619 1001 1668; x_wconf 89' lang='lat' dir='ltr'><strong>ut</strong></span> <span class='ocrx_word' id='word_1_128' title='bbox 1014 1609 1202 1668; x_wconf 81' lang='lat' dir='ltr'><strong>notissimum</strong></span> <span class='ocrx_word' id='word_1_129' title='bbox 1218 1617 1275 1669; x_wconf 87' lang='lat' dir='ltr'><strong>eet.</strong></span> <span class='ocrx_word' id='word_1_130' title='bbox 1321 1611 1431 1667; x_wconf 80' lang='lat' dir='ltr'><strong>verba</strong></span> 
     </span>
     <span class='ocr_line' id='line_1_16' title="bbox 311 1693 1429 1775; baseline -0.006 -19"><span class='ocrx_word' id='word_1_131' title='bbox 311 1703 385 1756; x_wconf 89' lang='lat' dir='ltr'><strong>eunt</strong></span> <span class='ocrx_word' id='word_1_132' title='bbox 397 1693 521 1755; x_wconf 79' lang='lat' dir='ltr'><strong>flitsriis</strong></span> <span class='ocrx_word' id='word_1_133' title='bbox 541 1695 603 1754; x_wconf 72' lang='lat' dir='ltr'><strong>veli</strong></span> <span class='ocrx_word' id='word_1_134' title='bbox 623 1695 719 1754; x_wconf 79' lang='lat' dir='ltr'><strong>honor</strong></span> <span class='ocrx_word' id='word_1_135' title='bbox 735 1715 805 1753; x_wconf 84' lang='lat' dir='ltr'><strong>cum</strong></span> <span class='ocrx_word' id='word_1_136' title='bbox 823 1693 965 1753; x_wconf 82' lang='lat' dir='ltr'><strong>custodia</strong></span> <span class='ocrx_word' id='word_1_137' title='bbox 986 1695 1091 1775; x_wconf 76' lang='lat' dir='ltr'><strong>angeli</strong></span> <span class='ocrx_word' id='word_1_138' title='bbox 1101 1695 1288 1772; x_wconf 80' lang='lat' dir='ltr'><strong>protegentis</strong></span> <span class='ocrx_word' id='word_1_139' title='bbox 1302 1695 1429 1769; x_wconf 80' lang='lat' dir='ltr'><strong>auser-</strong></span> 
     </span>
     <span class='ocr_line' id='line_1_17' title="bbox 311 1777 1428 1860; baseline 0 -22"><span class='ocrx_word' id='word_1_140' title='bbox 311 1791 376 1841; x_wconf 73' lang='grc' dir='ltr'><strong>ιον.</strong></span> <span class='ocrx_word' id='word_1_141' title='bbox 419 1789 556 1860; x_wconf 80' lang='lat' dir='ltr'><strong>superest</strong></span> <span class='ocrx_word' id='word_1_142' title='bbox 567 1789 604 1840; x_wconf 92' lang='lat' dir='ltr'><strong>ut</strong></span> <span class='ocrx_word' id='word_1_143' title='bbox 621 1782 767 1840; x_wconf 69' lang='lat' dir='ltr'><strong>rationem</strong></span> <span class='ocrx_word' id='word_1_144' title='bbox 785 1782 893 1840; x_wconf 88' lang='lat' dir='ltr'><strong>lectori</strong></span> <span class='ocrx_word' id='word_1_145' title='bbox 915 1779 1037 1839; x_wconf 80' lang='lat' dir='ltr'><strong>reddens</strong></span> <span class='ocrx_word' id='word_1_146' title='bbox 1052 1777 1269 1838; x_wconf 67' lang='lat' dir='ltr'><strong>emendetionie</strong></span> <span class='ocrx_word' id='word_1_147' title='bbox 1285 1797 1327 1837; x_wconf 83' lang='lat' dir='ltr'><strong>ex</strong></span> <span class='ocrx_word' id='word_1_148' title='bbox 1342 1797 1428 1838; x_wconf 88' lang='lat' dir='ltr'><strong>con-</strong></span> 
     </span>
     <span class='ocr_line' id='line_1_18' title="bbox 310 1863 1427 1946; baseline 0 -22"><span class='ocrx_word' id='word_1_149' title='bbox 310 1867 427 1924; x_wconf 86' lang='lat' dir='ltr'><strong>iecture</strong></span> <span class='ocrx_word' id='word_1_150' title='bbox 441 1863 632 1925; x_wconf 84' lang='lat' dir='ltr'><strong>neeeseeriee.</strong></span> <span class='ocrx_word' id='word_1_151' title='bbox 673 1866 707 1924; x_wconf 92' lang='lat' dir='ltr'><strong>in</strong></span> <span class='ocrx_word' id='word_1_152' title='bbox 721 1866 838 1925; x_wconf 87' lang='lat' dir='ltr'><strong>duobos</strong></span> <span class='ocrx_word' id='word_1_153' title='bbox 854 1865 1008 1925; x_wconf 76' lang='lat' dir='ltr'><strong>codicibus</strong></span> <span class='ocrx_word' id='word_1_154' title='bbox 1032 1865 1151 1946; x_wconf 88' lang='lat' dir='ltr'><strong>optimis</strong></span> <span class='ocrx_word' id='word_1_155' title='bbox 1166 1865 1189 1922; x_wconf 86' lang='grc' dir='ltr'><strong>Β</strong></span> <span class='ocrx_word' id='word_1_156' title='bbox 1209 1873 1239 1922; x_wconf 87' lang='lat' dir='ltr'><strong>et</strong></span> <span class='ocrx_word' id='word_1_157' title='bbox 1252 1863 1276 1922; x_wconf 84' lang='grc' dir='ltr'><strong>Δ</strong></span> <span class='ocrx_word' id='word_1_158' title='bbox 1290 1867 1379 1940; x_wconf 81' lang='lat' dir='ltr'><strong>(nem</strong></span> <span class='ocrx_word' id='word_1_159' title='bbox 1396 1865 1427 1924; x_wconf 84' lang='lat' dir='ltr'>V</span> 
     </span>
     <span class='ocr_line' id='line_1_19' title="bbox 311 1945 1424 2031; baseline 0.001 -24"><span class='ocrx_word' id='word_1_160' title='bbox 311 1948 395 2008; x_wconf 86' lang='lat' dir='ltr'><strong>bunc</strong></span> <span class='ocrx_word' id='word_1_161' title='bbox 406 1950 507 2008; x_wconf 87' lang='lat' dir='ltr'><strong>locum</strong></span> <span class='ocrx_word' id='word_1_162' title='bbox 524 1951 661 2009; x_wconf 75' lang='lat' dir='ltr'><strong>funditus</strong></span> <span class='ocrx_word' id='word_1_163' title='bbox 675 1946 801 2030; x_wconf 88' lang='lat' dir='ltr'><strong>omittit)</strong></span> <span class='ocrx_word' id='word_1_164' title='bbox 814 1947 891 2031; x_wconf 67' lang='grc' dir='ltr'><strong><em>προς</em></strong></span> <span class='ocrx_word' id='word_1_165' title='bbox 910 1945 968 2030; x_wconf 75' lang='grc' dir='ltr'><strong>τήν</strong></span> <span class='ocrx_word' id='word_1_166' title='bbox 985 1953 1049 2012; x_wconf 75' lang='grc' dir='ltr'><strong><em>τοῖν</em></strong></span> <span class='ocrx_word' id='word_1_167' title='bbox 1065 1947 1186 2030; x_wconf 74' lang='grc' dir='ltr'><strong><em>όδηγοόν</em></strong></span> <span class='ocrx_word' id='word_1_168' title='bbox 1206 1948 1424 2024; x_wconf 71' lang='lat' dir='ltr'><strong>scribebatur3</strong></span> 
     </span>
     <span class='ocr_line' id='line_1_20' title="bbox 312 2027 1422 2116; baseline -0.002 -23"><span class='ocrx_word' id='word_1_169' title='bbox 312 2055 389 2113; x_wconf 84' lang='lat' dir='ltr'><strong>quse</strong></span> <span class='ocrx_word' id='word_1_170' title='bbox 400 2053 470 2093; x_wconf 87' lang='lat' dir='ltr'><strong>eene</strong></span> <span class='ocrx_word' id='word_1_171' title='bbox 485 2035 576 2094; x_wconf 84' lang='lat' dir='ltr'><strong>lectio</strong></span> <span class='ocrx_word' id='word_1_172' title='bbox 589 2038 729 2095; x_wconf 72' lang='lat' dir='ltr'><strong>intricate</strong></span> <span class='ocrx_word' id='word_1_173' title='bbox 746 2045 800 2096; x_wconf 86' lang='lat' dir='ltr'><strong>est.</strong></span> <span class='ocrx_word' id='word_1_174' title='bbox 842 2055 986 2114; x_wconf 78' lang='lat' dir='ltr'><strong>quorsum</strong></span> <span class='ocrx_word' id='word_1_175' title='bbox 1001 2035 1079 2094; x_wconf 89' lang='lat' dir='ltr'><strong>enim</strong></span> <span class='ocrx_word' id='word_1_176' title='bbox 1101 2033 1183 2094; x_wconf 87' lang='lat' dir='ltr'><strong>istud</strong></span> <span class='ocrx_word' id='word_1_177' title='bbox 1196 2027 1256 2116; x_wconf 74' lang='grc' dir='ltr'><strong>τήν</strong></span> <span class='ocrx_word' id='word_1_178' title='bbox 1272 2036 1422 2114; x_wconf 85' lang='lat' dir='ltr'><strong>pertinet,</strong></span> 
     </span>
     <span class='ocr_line' id='line_1_21' title="bbox 312 2119 1421 2200; baseline 0.001 -21"><span class='ocrx_word' id='word_1_179' title='bbox 312 2129 366 2179; x_wconf 82' lang='lat' dir='ltr'><strong>eut</strong></span> <span class='ocrx_word' id='word_1_180' title='bbox 383 2139 475 2199; x_wconf 85' lang='lat' dir='ltr'><strong>quem</strong></span> <span class='ocrx_word' id='word_1_181' title='bbox 486 2140 551 2180; x_wconf 80' lang='lat' dir='ltr'><strong>rem</strong></span> <span class='ocrx_word' id='word_1_182' title='bbox 563 2121 698 2200; x_wconf 86' lang='lat' dir='ltr'><strong>indicet,</strong></span> <span class='ocrx_word' id='word_1_183' title='bbox 723 2141 792 2181; x_wconf 86' lang='lat' dir='ltr'><strong>cum</strong></span> <span class='ocrx_word' id='word_1_184' title='bbox 812 2121 895 2181; x_wconf 84' lang='lat' dir='ltr'><strong>nullu</strong></span> <span class='ocrx_word' id='word_1_185' title='bbox 916 2131 1054 2180; x_wconf 83' lang='lat' dir='ltr'><strong>occurret</strong></span> <span class='ocrx_word' id='word_1_186' title='bbox 1072 2120 1098 2178; x_wconf 91' lang='lat' dir='ltr'><strong>ei</strong></span> <span class='ocrx_word' id='word_1_187' title='bbox 1110 2119 1211 2198; x_wconf 83' lang='lat' dir='ltr'><strong>generi</strong></span> <span class='ocrx_word' id='word_1_188' title='bbox 1227 2121 1421 2180; x_wconf 81' lang='lat' dir='ltr'><strong>conveniens</strong></span> 
     </span>
     <span class='ocr_line' id='line_1_22' title="bbox 312 2203 1421 2286; baseline 0 -22"><span class='ocrx_word' id='word_1_189' title='bbox 312 2205 430 2284; x_wconf 87' lang='lat' dir='ltr'><strong>epriue</strong></span> <span class='ocrx_word' id='word_1_190' title='bbox 444 2215 496 2263; x_wconf 88' lang='lat' dir='ltr'><strong>eut</strong></span> <span class='ocrx_word' id='word_1_191' title='bbox 510 2215 581 2286; x_wconf 88' lang='lat' dir='ltr'><strong>poet</strong></span> <span class='ocrx_word' id='word_1_192' title='bbox 595 2206 789 2267; x_wconf 72' lang='lat' dir='ltr'><strong>memoretis?</strong></span> <span class='ocrx_word' id='word_1_193' title='bbox 811 2207 907 2266; x_wconf 84' lang='lat' dir='ltr'><strong>soient</strong></span> <span class='ocrx_word' id='word_1_194' title='bbox 917 2216 1051 2266; x_wconf 82' lang='lat' dir='ltr'><strong>veterum</strong></span> <span class='ocrx_word' id='word_1_195' title='bbox 1062 2203 1231 2263; x_wconf 76' lang='lat' dir='ltr'><strong>istiusmodi</strong></span> <span class='ocrx_word' id='word_1_196' title='bbox 1242 2203 1421 2285; x_wconf 85' lang='lat' dir='ltr'><strong>descripto-</strong></span> 
     </span>
     <span class='ocr_line' id='line_1_23' title="bbox 310 2288 1420 2372; baseline 0.005 -27"><span class='ocrx_word' id='word_1_197' title='bbox 310 2307 359 2346; x_wconf 86' lang='lat' dir='ltr'><strong>res</strong></span> <span class='ocrx_word' id='word_1_198' title='bbox 373 2288 519 2347; x_wconf 86' lang='lat' dir='ltr'><strong>librorum</strong></span> <span class='ocrx_word' id='word_1_199' title='bbox 539 2301 621 2348; x_wconf 85' lang='lat' dir='ltr'><strong>certe</strong></span> <span class='ocrx_word' id='word_1_200' title='bbox 637 2292 786 2351; x_wconf 77' lang='lat' dir='ltr'><strong>vocsbots</strong></span> <span class='ocrx_word' id='word_1_201' title='bbox 802 2291 1031 2372; x_wconf 83' lang='lat' dir='ltr'><strong>eosnpendisriie</strong></span> <span class='ocrx_word' id='word_1_202' title='bbox 1045 2289 1122 2349; x_wconf 86' lang='lat' dir='ltr'><strong>notis</strong></span> <span class='ocrx_word' id='word_1_203' title='bbox 1137 2289 1271 2370; x_wconf 74' lang='lat' dir='ltr'><strong>pingere.</strong></span> <span class='ocrx_word' id='word_1_204' title='bbox 1316 2293 1420 2350; x_wconf 81' lang='lat' dir='ltr'><strong>multe</strong></span> 
     </span>
     <span class='ocr_line' id='line_1_24' title="bbox 310 2369 1418 2475; baseline 0.009 -47"><span class='ocrx_word' id='word_1_205' title='bbox 310 2372 344 2428; x_wconf 89' lang='lat' dir='ltr'><strong>in</strong></span> <span class='ocrx_word' id='word_1_206' title='bbox 367 2369 426 2427; x_wconf 83' lang='lat' dir='ltr'><strong>hoc</strong></span> <span class='ocrx_word' id='word_1_207' title='bbox 450 2381 577 2475; x_wconf 58' lang='lat' dir='ltr'><strong>utroque</strong></span> <span class='ocrx_word' id='word_1_208' title='bbox 603 2375 674 2433; x_wconf 77' lang='lat' dir='ltr'><strong>telis</strong></span> <span class='ocrx_word' id='word_1_209' title='bbox 693 2375 848 2453; x_wconf 80' lang='lat' dir='ltr'><strong>visuntur,</strong></span> <span class='ocrx_word' id='word_1_210' title='bbox 882 2377 933 2436; x_wconf 92' lang='lat' dir='ltr'><strong>ubi</strong></span> <span class='ocrx_word' id='word_1_211' title='bbox 950 2377 1058 2456; x_wconf 86' lang='lat' dir='ltr'><strong>peseim</strong></span> <span class='ocrx_word' id='word_1_212' title='bbox 1074 2369 1148 2448; x_wconf 82' lang='grc' dir='ltr'><strong><em>οἶνος</em></strong></span> <span class='ocrx_word' id='word_1_213' title='bbox 1160 2395 1215 2457; x_wconf 84' lang='lat' dir='ltr'><strong>pro</strong></span> <span class='ocrx_word' id='word_1_214' title='bbox 1230 2370 1418 2455; x_wconf 73' lang='grc' dir='ltr'><strong><em>ἄνθρωπος,</em></strong></span> 
     </span>
     <span class='ocr_line' id='line_1_25' title="bbox 311 2446 1419 2540; baseline 0.003 -24"><span class='ocrx_word' id='word_1_215' title='bbox 311 2446 406 2529; x_wconf 61' lang='lat' dir='ltr'><strong>miecio</strong></span> <span class='ocrx_word' id='word_1_216' title='bbox 424 2474 483 2533; x_wconf 84' lang='lat' dir='ltr'><strong>pro</strong></span> <span class='ocrx_word' id='word_1_217' title='bbox 501 2451 650 2537; x_wconf 76' lang='grc' dir='ltr'><strong><em>ουρανός,</em></strong></span> <span class='ocrx_word' id='word_1_218' title='bbox 670 2468 708 2518; x_wconf 87' lang='grc' dir='ltr'><strong>ιιι</strong></span> <span class='ocrx_word' id='word_1_219' title='bbox 726 2471 868 2520; x_wconf 76' lang='lat' dir='ltr'><strong>sexcenta</strong></span> <span class='ocrx_word' id='word_1_220' title='bbox 886 2462 1022 2521; x_wconf 81' lang='lat' dir='ltr'><strong>omittens</strong></span> <span class='ocrx_word' id='word_1_221' title='bbox 1039 2461 1155 2522; x_wconf 80' lang='lat' dir='ltr'><strong>similis.</strong></span> <span class='ocrx_word' id='word_1_222' title='bbox 1194 2460 1323 2540; x_wconf 76' lang='lat' dir='ltr'><strong>putarim</strong></span> <span class='ocrx_word' id='word_1_223' title='bbox 1338 2482 1419 2539; x_wconf 81' lang='lat' dir='ltr'><strong>ergo</strong></span> 
     </span>
     <span class='ocr_line' id='line_1_26' title="bbox 310 2533 1417 2627; baseline 0.005 -29"><span class='ocrx_word' id='word_1_224' title='bbox 310 2536 364 2598; x_wconf 90' lang='lat' dir='ltr'><strong>bic</strong></span> <span class='ocrx_word' id='word_1_225' title='bbox 383 2533 441 2619; x_wconf 77' lang='grc' dir='ltr'><strong>τήν</strong></span> <span class='ocrx_word' id='word_1_226' title='bbox 455 2541 676 2621; x_wconf 71' lang='lat' dir='ltr'><strong>compendiosis</strong></span> <span class='ocrx_word' id='word_1_227' title='bbox 687 2542 836 2623; x_wconf 75' lang='lat' dir='ltr'><strong>&#39;scriptum</strong></span> <span class='ocrx_word' id='word_1_228' title='bbox 853 2566 909 2625; x_wconf 83' lang='lat' dir='ltr'><strong>pro</strong></span> <span class='ocrx_word' id='word_1_229' title='bbox 924 2543 1030 2627; x_wconf 78' lang='grc' dir='ltr'><strong>τιμήν,</strong></span> <span class='ocrx_word' id='word_1_230' title='bbox 1052 2544 1194 2607; x_wconf 76' lang='lat' dir='ltr'><strong>vocabulo</strong></span> <span class='ocrx_word' id='word_1_231' title='bbox 1207 2546 1264 2601; x_wconf 89' lang='lat' dir='ltr'><strong>iem</strong></span> <span class='ocrx_word' id='word_1_232' title='bbox 1282 2544 1320 2601; x_wconf 82' lang='lat' dir='ltr'><strong>ed</strong></span> <span class='ocrx_word' id='word_1_233' title='bbox 1331 2564 1417 2604; x_wconf 84' lang='lat' dir='ltr'><strong>sen-</strong></span> 
     </span>
     <span class='ocr_line' id='line_1_27' title="bbox 311 2614 1414 2711; baseline 0.005 -27"><span class='ocrx_word' id='word_1_234' title='bbox 311 2623 437 2684; x_wconf 76' lang='lat' dir='ltr'><strong>tentiam</strong></span> <span class='ocrx_word' id='word_1_235' title='bbox 452 2644 513 2684; x_wconf 89' lang='lat' dir='ltr'><strong>non</strong></span> <span class='ocrx_word' id='word_1_236' title='bbox 527 2627 716 2687; x_wconf 84' lang='lat' dir='ltr'><strong>incommode</strong></span> <span class='ocrx_word' id='word_1_237' title='bbox 731 2614 896 2707; x_wconf 81' lang='lat' dir='ltr'><strong>quedmnte</strong></span> <span class='ocrx_word' id='word_1_238' title='bbox 906 2630 989 2689; x_wconf 83' lang='lat' dir='ltr'><strong>iexts</strong></span> <span class='ocrx_word' id='word_1_239' title='bbox 1003 2632 1092 2691; x_wconf 88' lang='lat' dir='ltr'><strong>modo</strong></span> <span class='ocrx_word' id='word_1_240' title='bbox 1106 2628 1242 2711; x_wconf 81' lang='lat' dir='ltr'><strong>exposite.</strong></span> <span class='ocrx_word' id='word_1_241' title='bbox 1285 2628 1414 2689; x_wconf 81' lang='lat' dir='ltr'><strong>contir-</strong></span> 
     </span>
     <span class='ocr_line' id='line_1_28' title="bbox 311 2708 1415 2796; baseline 0.007 -27"><span class='ocrx_word' id='word_1_242' title='bbox 311 2718 374 2769; x_wconf 89' lang='lat' dir='ltr'><strong>met</strong></span> <span class='ocrx_word' id='word_1_243' title='bbox 387 2708 446 2769; x_wconf 87' lang='lat' dir='ltr'><strong>boc</strong></span> <span class='ocrx_word' id='word_1_244' title='bbox 460 2714 537 2771; x_wconf 83' lang='lat' dir='ltr'><strong>etius</strong></span> <span class='ocrx_word' id='word_1_245' title='bbox 552 2714 650 2773; x_wconf 75' lang='lat' dir='ltr'><strong>nostri</strong></span> <span class='ocrx_word' id='word_1_246' title='bbox 662 2716 792 2775; x_wconf 75' lang='lat' dir='ltr'><strong>auctoris</strong></span> <span class='ocrx_word' id='word_1_247' title='bbox 806 2714 892 2776; x_wconf 73' lang='lat' dir='ltr'><strong>locus</strong></span> <span class='ocrx_word' id='word_1_248' title='bbox 902 2714 980 2775; x_wconf 80' lang='lat' dir='ltr'><strong>inire</strong></span> <span class='ocrx_word' id='word_1_249' title='bbox 995 2738 1022 2796; x_wconf 89' lang='lat' dir='ltr'><strong>p.</strong></span> <span class='ocrx_word' id='word_1_250' title='bbox 1038 2722 1100 2783; x_wconf 78' lang='lat'><strong>302</strong></span> <span class='ocrx_word' id='word_1_251' title='bbox 1115 2737 1145 2775; x_wconf 84' lang='grc' dir='ltr'><strong>ν.</strong></span> <span class='ocrx_word' id='word_1_252' title='bbox 1160 2714 1195 2779; x_wconf 68' lang='lat' dir='ltr'><strong>td</strong></span> <span class='ocrx_word' id='word_1_253' title='bbox 1207 2714 1257 2772; x_wconf 89' lang='lat' dir='ltr'><strong>ubi</strong></span> <span class='ocrx_word' id='word_1_254' title='bbox 1269 2734 1415 2795; x_wconf 77' lang='grc' dir='ltr'><strong><em>προσκυ-</em></strong></span> 
     </span>
     <span class='ocr_line' id='line_1_29' title="bbox 313 2787 1416 2877; baseline 0.004 -21"><span class='ocrx_word' id='word_1_255' title='bbox 313 2787 430 2873; x_wconf 75' lang='grc' dir='ltr'><strong><em>νήσεως</em></strong></span> <span class='ocrx_word' id='word_1_256' title='bbox 443 2795 530 2859; x_wconf 64' lang='grc' dir='ltr'><strong><em>ἕνεκα</em></strong></span> <span class='ocrx_word' id='word_1_257' title='bbox 542 2800 704 2877; x_wconf 80' lang='lat' dir='ltr'><strong>procedere</strong></span> <span class='ocrx_word' id='word_1_258' title='bbox 716 2800 841 2860; x_wconf 89' lang='lat' dir='ltr'><strong>solitutn</strong></span> <span class='ocrx_word' id='word_1_259' title='bbox 853 2800 926 2861; x_wconf 80' lang='lat' dir='ltr'><strong>serie</strong></span> <span class='ocrx_word' id='word_1_260' title='bbox 939 2802 1029 2861; x_wconf 86' lang='lat' dir='ltr'><strong>tertis</strong></span> <span class='ocrx_word' id='word_1_261' title='bbox 1043 2804 1075 2859; x_wconf 90' lang='lat' dir='ltr'><strong>in</strong></span> <span class='ocrx_word' id='word_1_262' title='bbox 1084 2798 1293 2861; x_wconf 80' lang='lat' dir='ltr'><strong>monesterium</strong></span> <span class='ocrx_word' id='word_1_263' title='bbox 1305 2798 1416 2860; x_wconf 79' lang='lat' dir='ltr'><strong>flode-</strong></span> 
     </span>
     <span class='ocr_line' id='line_1_30' title="bbox 312 2883 1414 3055; baseline 0.01 -33"><span class='ocrx_word' id='word_1_264' title='bbox 312 2883 1414 3055; x_wconf 39' lang='lat' dir='ltr'><strong>tt?ttttttt‘tt‘ss&#39;tsssttttt{titt„tss&#39;dtitti</strong></span> 
     </span>
     <span class='ocr_line' id='line_1_31' title="bbox 313 3047 1413 3139; baseline 0.005 -28"><span class='ocrx_word' id='word_1_265' title='bbox 313 3047 348 3111; x_wconf 68' lang='lat' dir='ltr'><strong>det</strong></span> <span class='ocrx_word' id='word_1_266' title='bbox 364 3050 479 3111; x_wconf 59' lang='lat' dir='ltr'><strong>„otton</strong></span> <span class='ocrx_word' id='word_1_267' title='bbox 493 3056 537 3133; x_wconf 72' lang='lat' dir='ltr'><strong>&#39;epi</strong></span> <span class='ocrx_word' id='word_1_268' title='bbox 551 3053 668 3132; x_wconf 77' lang='grc' dir='ltr'><strong>βασιλεῖ</strong></span> <span class='ocrx_word' id='word_1_269' title='bbox 680 3048 721 3133; x_wconf 78' lang='grc' dir='ltr'><strong>ἦν</strong></span> <span class='ocrx_word' id='word_1_270' title='bbox 738 3060 776 3135; x_wconf 81' lang='grc' dir='ltr'><strong>τῆ</strong></span> <span class='ocrx_word' id='word_1_271' title='bbox 789 3054 925 3135; x_wconf 75' lang='grc' dir='ltr'><strong><em>Ὀδηγοίν</em></strong></span> <span class='ocrx_word' id='word_1_272' title='bbox 941 3060 1022 3139; x_wconf 79' lang='grc' dir='ltr'><strong><em>μονῇ</em></strong></span> <span class='ocrx_word' id='word_1_273' title='bbox 1038 3052 1112 3117; x_wconf 74' lang='lat' dir='ltr'><strong>nerei</strong></span> <span class='ocrx_word' id='word_1_274' title='bbox 1131 3051 1245 3135; x_wconf 72' lang='grc' dir='ltr'><strong><em>ταύτην</em></strong></span> <span class='ocrx_word' id='word_1_275' title='bbox 1261 3053 1320 3135; x_wconf 73' lang='grc' dir='ltr'><strong>τήν</strong></span> <span class='ocrx_word' id='word_1_276' title='bbox 1335 3056 1413 3137; x_wconf 70' lang='grc' dir='ltr'><strong>ἡμέ-</strong></span> 
     </span>
     <span class='ocr_line' id='line_1_32' title="bbox 312 3118 1413 3219; baseline 0.009 -26"><span class='ocrx_word' id='word_1_277' title='bbox 312 3156 370 3211; x_wconf 77' lang='grc' dir='ltr'><strong>ραν</strong></span> <span class='ocrx_word' id='word_1_278' title='bbox 387 3131 591 3215; x_wconf 73' lang='grc' dir='ltr'><strong>παραβάλλειν</strong></span> <span class='ocrx_word' id='word_1_279' title='bbox 606 3118 839 3219; x_wconf 56' lang='grc' dir='ltr'><strong><em>προσκυνήσεως</em></strong></span> <span class='ocrx_word' id='word_1_280' title='bbox 854 3140 950 3203; x_wconf 72' lang='grc' dir='ltr'><strong><em>ἕνεκα.</em></strong></span> <span class='ocrx_word' id='word_1_281' title='bbox 977 3160 1016 3200; x_wconf 78' lang='lat' dir='ltr'><strong>ex</strong></span> <span class='ocrx_word' id='word_1_282' title='bbox 1028 3142 1135 3219; x_wconf 80' lang='lat' dir='ltr'><strong>quibus</strong></span> <span class='ocrx_word' id='word_1_283' title='bbox 1155 3140 1240 3200; x_wconf 87' lang='lat' dir='ltr'><strong>vides</strong></span> <span class='ocrx_word' id='word_1_284' title='bbox 1254 3142 1337 3200; x_wconf 80' lang='lat' dir='ltr'><strong>feriis</strong></span> <span class='ocrx_word' id='word_1_285' title='bbox 1351 3154 1413 3203; x_wconf 87' lang='lat' dir='ltr'><strong>ter-</strong></span> 
     </span>
     <span class='ocr_line' id='line_1_33' title="bbox 312 3217 1410 3305; baseline 0.011 -31"><span class='ocrx_word' id='word_1_286' title='bbox 312 3217 497 3278; x_wconf 85' lang='lat' dir='ltr'><strong>tiieeolitum</strong></span> <span class='ocrx_word' id='word_1_287' title='bbox 512 3220 736 3303; x_wconf 72' lang='lat' dir='ltr'><strong>imperatorem,</strong></span> <span class='ocrx_word' id='word_1_288' title='bbox 767 3244 806 3284; x_wconf 84' lang='lat' dir='ltr'><strong>ex</strong></span> <span class='ocrx_word' id='word_1_289' title='bbox 828 3246 912 3285; x_wconf 89' lang='lat' dir='ltr'><strong>more</strong></span> <span class='ocrx_word' id='word_1_290' title='bbox 926 3226 1069 3286; x_wconf 85' lang='lat' dir='ltr'><strong>videlicet</strong></span> <span class='ocrx_word' id='word_1_291' title='bbox 1091 3227 1178 3286; x_wconf 82' lang='lat' dir='ltr'><strong>etiam</strong></span> <span class='ocrx_word' id='word_1_292' title='bbox 1193 3228 1350 3305; x_wconf 79' lang='lat' dir='ltr'><strong>populari,</strong></span> <span class='ocrx_word' id='word_1_293' title='bbox 1374 3230 1410 3287; x_wconf 88' lang='lat' dir='ltr'><strong>ed</strong></span> 
     </span>
     <span class='ocr_line' id='line_1_34' title="bbox 313 3302 1410 3391; baseline 0.012 -31"><span class='ocrx_word' id='word_1_294' title='bbox 313 3302 459 3379; x_wconf 86' lang='lat' dir='ltr'><strong>templum</strong></span> <span class='ocrx_word' id='word_1_295' title='bbox 482 3312 652 3367; x_wconf 75' lang='lat' dir='ltr'><strong>monasterii</strong></span> <span class='ocrx_word' id='word_1_296' title='bbox 666 3309 874 3387; x_wconf 77' lang='lat' dir='ltr'><strong>flodegorum‚</strong></span> <span class='ocrx_word' id='word_1_297' title='bbox 898 3310 964 3385; x_wconf 88' lang='lat' dir='ltr'><strong>cni,</strong></span> <span class='ocrx_word' id='word_1_298' title='bbox 986 3320 1021 3369; x_wconf 91' lang='lat' dir='ltr'><strong>ut</strong></span> <span class='ocrx_word' id='word_1_299' title='bbox 1038 3310 1108 3370; x_wconf 90' lang='lat' dir='ltr'><strong>licet</strong></span> <span class='ocrx_word' id='word_1_300' title='bbox 1123 3310 1283 3391; x_wconf 75' lang='lat' dir='ltr'><strong>suspicer-i,</strong></span> <span class='ocrx_word' id='word_1_301' title='bbox 1302 3332 1410 3373; x_wconf 88' lang='lat' dir='ltr'><strong>nomen</strong></span> 
     </span>
     <span class='ocr_line' id='line_1_35' title="bbox 312 3384 1408 3479; baseline 0.015 -35"><span class='ocrx_word' id='word_1_302' title='bbox 312 3386 347 3444; x_wconf 92' lang='lat' dir='ltr'><strong>id</strong></span> <span class='ocrx_word' id='word_1_303' title='bbox 367 3384 548 3448; x_wconf 74' lang='lat' dir='ltr'><strong>adhaesisset</strong></span> <span class='ocrx_word' id='word_1_304' title='bbox 567 3410 606 3449; x_wconf 85' lang='lat' dir='ltr'><strong>ex</strong></span> <span class='ocrx_word' id='word_1_305' title='bbox 627 3413 663 3452; x_wconf 89' lang='lat' dir='ltr'><strong>eo</strong></span> <span class='ocrx_word' id='word_1_306' title='bbox 678 3394 760 3472; x_wconf 84' lang='lat' dir='ltr'><strong>quod</strong></span> <span class='ocrx_word' id='word_1_307' title='bbox 782 3394 845 3454; x_wconf 87' lang='lat' dir='ltr'><strong>illic</strong></span> <span class='ocrx_word' id='word_1_308' title='bbox 868 3396 1027 3475; x_wconf 82' lang='lat' dir='ltr'><strong>peculierie</strong></span> <span class='ocrx_word' id='word_1_309' title='bbox 1043 3397 1180 3456; x_wconf 77' lang='lat' dir='ltr'><strong>memorie</strong></span> <span class='ocrx_word' id='word_1_310' title='bbox 1196 3400 1260 3458; x_wconf 74' lang='lat' dir='ltr'><strong>rede</strong></span> <span class='ocrx_word' id='word_1_311' title='bbox 1280 3394 1408 3479; x_wconf 66' lang='grc' dir='ltr'><strong>ὁδηγῶν,</strong></span> 
     </span>
     <span class='ocr_line' id='line_1_36' title="bbox 312 3468 1342 3559; baseline 0.012 -29"><span class='ocrx_word' id='word_1_312' title='bbox 312 3468 372 3530; x_wconf 86' lang='lat' dir='ltr'><strong>boc</strong></span> <span class='ocrx_word' id='word_1_313' title='bbox 388 3480 435 3530; x_wconf 80' lang='lat' dir='ltr'><strong>est</strong></span> <span class='ocrx_word' id='word_1_314' title='bbox 449 3473 536 3531; x_wconf 85' lang='lat' dir='ltr'><strong>iuxte</strong></span> <span class='ocrx_word' id='word_1_315' title='bbox 547 3476 632 3556; x_wconf 86' lang='lat' dir='ltr'><strong>prius</strong></span> <span class='ocrx_word' id='word_1_316' title='bbox 647 3478 727 3537; x_wconf 81' lang='lat' dir='ltr'><strong>dicte</strong></span> <span class='ocrx_word' id='word_1_317' title='bbox 742 3481 915 3559; x_wconf 73' lang='lat' dir='ltr'><strong>angelorum</strong></span> <span class='ocrx_word' id='word_1_318' title='bbox 930 3481 1089 3540; x_wconf 86' lang='lat' dir='ltr'><strong>custodum</strong></span> <span class='ocrx_word' id='word_1_319' title='bbox 1098 3512 1116 3557; x_wconf 44' lang='lat' dir='ltr'><strong>,v</strong></span> <span class='ocrx_word' id='word_1_320' title='bbox 1131 3482 1342 3542; x_wconf 74' lang='lat' dir='ltr'><strong>celebraretur.</strong></span> 
     </span>
     <span class='ocr_line' id='line_1_37' title="bbox 398 3552 1406 3649; baseline 0.012 -31"><span class='ocrx_word' id='word_1_321' title='bbox 398 3552 501 3619; x_wconf 80' lang='grc' dir='ltr'><strong><em>ὅντω</em></strong></span> <span class='ocrx_word' id='word_1_322' title='bbox 510 3576 569 3634; x_wconf 65' lang='lat' dir='ltr'><strong>ceo</strong></span> <span class='ocrx_word' id='word_1_323' title='bbox 588 3582 621 3641; x_wconf 87' lang='lat' dir='ltr'><strong>p.</strong></span> <span class='ocrx_word' id='word_1_324' title='bbox 636 3562 698 3627; x_wconf 78' lang='lat'><strong>248</strong></span> <span class='ocrx_word' id='word_1_325' title='bbox 711 3584 740 3624; x_wconf 88' lang='lat' dir='ltr'><strong>v.</strong></span> <span class='ocrx_word' id='word_1_326' title='bbox 752 3568 782 3627; x_wconf 79' lang='lat'><strong>3.</strong></span> <span class='ocrx_word' id='word_1_327' title='bbox 815 3562 838 3647; x_wconf 71' lang='grc' dir='ltr'><em>ἦ</em></span> <span class='ocrx_word' id='word_1_328' title='bbox 849 3569 928 3628; x_wconf 75' lang='grc' dir='ltr'><strong>θεοῦ</strong></span> <span class='ocrx_word' id='word_1_329' title='bbox 939 3560 1094 3647; x_wconf 75' lang='grc' dir='ltr'><strong>ἆναθότης</strong></span> <span class='ocrx_word' id='word_1_330' title='bbox 1109 3558 1186 3647; x_wconf 59' lang='lat' dir='ltr'><strong>cippi</strong></span> <span class='ocrx_word' id='word_1_331' title='bbox 1205 3590 1251 3640; x_wconf 85' lang='grc' dir='ltr'><strong>τις</strong></span> <span class='ocrx_word' id='word_1_332' title='bbox 1266 3568 1406 3649; x_wconf 64' lang='grc' dir='ltr'><strong>γενομένη</strong></span> 
     </span>
     <span class='ocr_line' id='line_1_38' title="bbox 313 3635 1405 3721; baseline 0.009 -18"><span class='ocrx_word' id='word_1_333' title='bbox 313 3644 377 3714; x_wconf 77' lang='grc' dir='ltr'><strong><em>τοῖς</em></strong></span> <span class='ocrx_word' id='word_1_334' title='bbox 394 3639 436 3721; x_wconf 72' lang='grc' dir='ltr'><strong><em>μή</em></strong></span> <span class='ocrx_word' id='word_1_335' title='bbox 459 3635 548 3705; x_wconf 76' lang='grc' dir='ltr'><strong>οὖσιν</strong></span> <span class='ocrx_word' id='word_1_336' title='bbox 574 3646 618 3720; x_wconf 73' lang='grc' dir='ltr'><strong>εἰς</strong></span> <span class='ocrx_word' id='word_1_337' title='bbox 642 3643 779 3710; x_wconf 59' lang='lat' dir='ltr'><strong>Moeso.</strong></span> <span class='ocrx_word' id='word_1_338' title='bbox 829 3651 871 3709; x_wconf 86' lang='lat' dir='ltr'><strong>sic</strong></span> <span class='ocrx_word' id='word_1_339' title='bbox 888 3652 909 3709; x_wconf 84' lang='lat' dir='ltr'>B</span> <span class='ocrx_word' id='word_1_340' title='bbox 926 3650 1001 3709; x_wconf 80' lang='grc' dir='ltr'><strong>οιΑ</strong></span> <span class='ocrx_word' id='word_1_341' title='bbox 1025 3650 1160 3710; x_wconf 78' lang='lat' dir='ltr'><strong>codicees</strong></span> <span class='ocrx_word' id='word_1_342' title='bbox 1190 3648 1216 3710; x_wconf 88' lang='lat' dir='ltr'>V</span> <span class='ocrx_word' id='word_1_343' title='bbox 1234 3662 1331 3711; x_wconf 86' lang='lat' dir='ltr'><strong>totum</strong></span> <span class='ocrx_word' id='word_1_344' title='bbox 1349 3652 1405 3713; x_wconf 86' lang='lat' dir='ltr'><strong>boc</strong></span> 
     </span>
     <span class='ocr_line' id='line_1_39' title="bbox 316 3728 1406 3818; baseline 0.015 -34"><span class='ocrx_word' id='word_1_345' title='bbox 316 3744 433 3785; x_wconf 74' lang='lat' dir='ltr'><strong>comm</strong></span> <span class='ocrx_word' id='word_1_346' title='bbox 445 3730 589 3791; x_wconf 64' lang='lat' dir='ltr'><strong>transilito</strong></span> <span class='ocrx_word' id='word_1_347' title='bbox 618 3728 747 3795; x_wconf 77' lang='grc' dir='ltr'><strong>ὄντωσιν</strong></span> <span class='ocrx_word' id='word_1_348' title='bbox 763 3733 813 3793; x_wconf 86' lang='lat' dir='ltr'><strong>bic</strong></span> <span class='ocrx_word' id='word_1_349' title='bbox 825 3744 948 3816; x_wconf 88' lang='lat' dir='ltr'><strong>spperet</strong></span> <span class='ocrx_word' id='word_1_350' title='bbox 963 3756 978 3792; x_wconf 86' lang='grc' dir='ltr'><strong>ι</strong></span> <span class='ocrx_word' id='word_1_351' title='bbox 994 3734 1175 3813; x_wconf 85' lang='lat' dir='ltr'><strong>Peohymere</strong></span> <span class='ocrx_word' id='word_1_352' title='bbox 1186 3736 1296 3798; x_wconf 86' lang='lat' dir='ltr'><strong>dictem</strong></span> <span class='ocrx_word' id='word_1_353' title='bbox 1309 3733 1406 3818; x_wconf 75' lang='lat' dir='ltr'><strong>inep-</strong></span> 
     </span>
     <span class='ocr_line' id='line_1_40' title="bbox 315 3812 1406 3904; baseline 0.011 -33"><span class='ocrx_word' id='word_1_354' title='bbox 315 3812 364 3885; x_wconf 83' lang='grc' dir='ltr'><strong>ξιν</strong></span> <span class='ocrx_word' id='word_1_355' title='bbox 376 3818 559 3886; x_wconf 76' lang='lat' dir='ltr'><strong>extantium,</strong></span> <span class='ocrx_word' id='word_1_356' title='bbox 582 3827 634 3875; x_wconf 87' lang='lat' dir='ltr'><strong>eut</strong></span> <span class='ocrx_word' id='word_1_357' title='bbox 654 3826 695 3877; x_wconf 84' lang='grc' dir='ltr'><strong>ιιι</strong></span> <span class='ocrx_word' id='word_1_358' title='bbox 711 3815 832 3879; x_wconf 78' lang='lat' dir='ltr'><strong>scholae</strong></span> <span class='ocrx_word' id='word_1_359' title='bbox 854 3823 1021 3898; x_wconf 78' lang='lat' dir='ltr'><strong>loquuntur</strong></span> <span class='ocrx_word' id='word_1_360' title='bbox 1034 3822 1235 3888; x_wconf 78' lang='lat' dir='ltr'><strong>existentiam.</strong></span> <span class='ocrx_word' id='word_1_361' title='bbox 1276 3826 1406 3904; x_wconf 77' lang='lat' dir='ltr'><strong>exemplu</strong></span> 
     </span>
     <span class='ocr_line' id='line_1_41' title="bbox 313 3894 1405 3987; baseline 0.016 -34"><span class='ocrx_word' id='word_1_362' title='bbox 313 3894 441 3972; x_wconf 73' lang='lat' dir='ltr'><strong>desum,</strong></span> <span class='ocrx_word' id='word_1_363' title='bbox 470 3902 690 3981; x_wconf 31' lang='lat' dir='ltr'><strong>quse-quidem</strong></span> <span class='ocrx_word' id='word_1_364' title='bbox 711 3904 839 3964; x_wconf 84' lang='lat' dir='ltr'><strong>viderim</strong></span> <span class='ocrx_word' id='word_1_365' title='bbox 858 3904 947 3965; x_wconf 89' lang='lat' dir='ltr'><strong>huius</strong></span> <span class='ocrx_word' id='word_1_366' title='bbox 966 3904 1004 3962; x_wconf 86' lang='lat' dir='ltr'><strong>eb</strong></span> <span class='ocrx_word' id='word_1_367' title='bbox 1024 3904 1090 3963; x_wconf 82' lang='lat' dir='ltr'><strong>eliis</strong></span> <span class='ocrx_word' id='word_1_368' title='bbox 1112 3908 1247 3987; x_wconf 78' lang='lat' dir='ltr'><strong>usurpati</strong></span> <span class='ocrx_word' id='word_1_369' title='bbox 1263 3909 1405 3970; x_wconf 76' lang='lat' dir='ltr'><strong>nocebuti.</strong></span> 
     </span>
     <span class='ocr_line' id='line_1_42' title="bbox 313 3982 1405 4066; baseline 0.016 -30"><span class='ocrx_word' id='word_1_370' title='bbox 313 3982 434 4055; x_wconf 84' lang='lat' dir='ltr'><strong>quodsi</strong></span> <span class='ocrx_word' id='word_1_371' title='bbox 449 3986 592 4044; x_wconf 82' lang='lat' dir='ltr'><strong>nonetibi</strong></span> <span class='ocrx_word' id='word_1_372' title='bbox 610 3998 711 4047; x_wconf 85' lang='lat' dir='ltr'><strong>noster</strong></span> <span class='ocrx_word' id='word_1_373' title='bbox 725 3989 851 4066; x_wconf 76' lang='lat' dir='ltr'><strong>legeret,</strong></span> <span class='ocrx_word' id='word_1_374' title='bbox 873 3988 990 4049; x_wconf 84' lang='lat' dir='ltr'><strong>videret</strong></span> <span class='ocrx_word' id='word_1_375' title='bbox 1002 4000 1103 4049; x_wconf 66' lang='lat' dir='ltr'><strong>umen</strong></span> <span class='ocrx_word' id='word_1_376' title='bbox 1125 4002 1206 4052; x_wconf 89' lang='lat' dir='ltr'><strong>certe</strong></span> <span class='ocrx_word' id='word_1_377' title='bbox 1222 3994 1273 4052; x_wconf 86' lang='lat' dir='ltr'><strong>iile</strong></span> <span class='ocrx_word' id='word_1_378' title='bbox 1292 3994 1319 4051; x_wconf 88' lang='lat' dir='ltr'><strong>S.</strong></span> <span class='ocrx_word' id='word_1_379' title='bbox 1335 3996 1405 4053; x_wconf 84' lang='lat' dir='ltr'><strong>Dio-</strong></span> 
     </span>
     <span class='ocr_line' id='line_1_43' title="bbox 314 4065 1405 4160; baseline 0.018 -42"><span class='ocrx_word' id='word_1_380' title='bbox 314 4065 393 4138; x_wconf 84' lang='lat' dir='ltr'><strong>nyeii</strong></span> <span class='ocrx_word' id='word_1_381' title='bbox 409 4067 460 4127; x_wconf 86' lang='lat' dir='ltr'><strong>lib.</strong></span> <span class='ocrx_word' id='word_1_382' title='bbox 475 4070 513 4129; x_wconf 88' lang='lat' dir='ltr'><strong>de</strong></span> <span class='ocrx_word' id='word_1_383' title='bbox 528 4070 627 4133; x_wconf 68' lang='lat' dir='ltr'><strong>bisin.</strong></span> <span class='ocrx_word' id='word_1_384' title='bbox 644 4072 822 4133; x_wconf 83' lang='lat' dir='ltr'><strong>Nominibus</strong></span> <span class='ocrx_word' id='word_1_385' title='bbox 840 4095 866 4135; x_wconf 88' lang='lat' dir='ltr'><strong>c.</strong></span> <span class='ocrx_word' id='word_1_386' title='bbox 879 4076 899 4142; x_wconf 83' lang='lat'>6</span> <span class='ocrx_word' id='word_1_387' title='bbox 919 4074 956 4134; x_wconf 87' lang='lat' dir='ltr'><strong>de</strong></span> <span class='ocrx_word' id='word_1_388' title='bbox 976 4074 1033 4134; x_wconf 90' lang='lat' dir='ltr'><strong>deo</strong></span> <span class='ocrx_word' id='word_1_389' title='bbox 1048 4076 1179 4158; x_wconf 82' lang='lat' dir='ltr'><strong>scripte,</strong></span> <span class='ocrx_word' id='word_1_390' title='bbox 1201 4072 1279 4160; x_wconf 70' lang='grc' dir='ltr'><strong>α’ρχή</strong></span> <span class='ocrx_word' id='word_1_391' title='bbox 1291 4078 1339 4141; x_wconf 80' lang='lat' dir='ltr'><strong>eui</strong></span> <span class='ocrx_word' id='word_1_392' title='bbox 1353 4080 1405 4159; x_wconf 70' lang='grc' dir='ltr'><strong>μέ-</strong></span> 
     </span>
     <span class='ocr_line' id='line_1_44' title="bbox 313 4148 1404 4239; baseline 0.013 -30"><span class='ocrx_word' id='word_1_393' title='bbox 313 4164 386 4220; x_wconf 76' lang='grc' dir='ltr'><strong><em>τρον</em></strong></span> <span class='ocrx_word' id='word_1_394' title='bbox 401 4148 537 4225; x_wconf 69' lang='lat' dir='ltr'><strong>cisione,</strong></span> <span class='ocrx_word' id='word_1_395' title='bbox 558 4156 611 4219; x_wconf 74' lang='lat' dir='ltr'><strong>eoi</strong></span> <span class='ocrx_word' id='word_1_396' title='bbox 626 4152 745 4237; x_wconf 77' lang='grc' dir='ltr'><strong><em>χρόνον</em></strong></span> <span class='ocrx_word' id='word_1_397' title='bbox 757 4152 898 4239; x_wconf 60' lang='lat' dir='ltr'><strong>dveniens.</strong></span> <span class='ocrx_word' id='word_1_398' title='bbox 942 4178 1017 4238; x_wconf 86' lang='lat' dir='ltr'><strong>ques</strong></span> <span class='ocrx_word' id='word_1_399' title='bbox 1035 4162 1123 4221; x_wconf 87' lang='lat' dir='ltr'><strong>etiem</strong></span> <span class='ocrx_word' id='word_1_400' title='bbox 1139 4163 1230 4222; x_wconf 84' lang='lat' dir='ltr'><strong>verbe</strong></span> <span class='ocrx_word' id='word_1_401' title='bbox 1249 4164 1328 4223; x_wconf 87' lang='lat' dir='ltr'><strong>idem</strong></span> <span class='ocrx_word' id='word_1_402' title='bbox 1344 4166 1404 4223; x_wconf 77' lang='lat' dir='ltr'><strong>l‘e-</strong></span> 
     </span>
     <span class='ocr_line' id='line_1_45' title="bbox 313 4226 1402 4329; baseline 0.021 -41"><span class='ocrx_word' id='word_1_403' title='bbox 313 4226 469 4307; x_wconf 81' lang='lat' dir='ltr'><strong>cbymeree</strong></span> <span class='ocrx_word' id='word_1_404' title='bbox 493 4240 614 4317; x_wconf 76' lang='lat' dir='ltr'><strong>prolixe</strong></span> <span class='ocrx_word' id='word_1_405' title='bbox 634 4242 797 4301; x_wconf 74' lang='lat' dir='ltr'><strong>declaravit</strong></span> <span class='ocrx_word' id='word_1_406' title='bbox 815 4242 848 4302; x_wconf 87' lang='lat' dir='ltr'><strong>in</strong></span> <span class='ocrx_word' id='word_1_407' title='bbox 868 4263 921 4304; x_wconf 84' lang='lat' dir='ltr'><strong>sue</strong></span> <span class='ocrx_word' id='word_1_408' title='bbox 945 4245 984 4302; x_wconf 83' lang='lat' dir='ltr'><strong>ed</strong></span> <span class='ocrx_word' id='word_1_409' title='bbox 1007 4265 1074 4305; x_wconf 87' lang='lat' dir='ltr'><strong>eum</strong></span> <span class='ocrx_word' id='word_1_410' title='bbox 1101 4248 1203 4306; x_wconf 88' lang='lat' dir='ltr'><strong>locum</strong></span> <span class='ocrx_word' id='word_1_411' title='bbox 1223 4248 1402 4329; x_wconf 73' lang='lat' dir='ltr'><strong>paraphrasi.</strong></span> 
     </span>
     <span class='ocr_line' id='line_1_46' title="bbox 310 4320 1401 4415; baseline 0.019 -36"><span class='ocrx_word' id='word_1_412' title='bbox 310 4330 384 4375; x_wconf 74' lang='lat' dir='ltr'><strong>wne</strong></span> <span class='ocrx_word' id='word_1_413' title='bbox 405 4336 476 4397; x_wconf 75' lang='lat' dir='ltr'><strong>ergo</strong></span> <span class='ocrx_word' id='word_1_414' title='bbox 502 4342 614 4385; x_wconf 85' lang='lat' dir='ltr'><strong>nomen</strong></span> <span class='ocrx_word' id='word_1_415' title='bbox 631 4320 764 4409; x_wconf 71' lang='grc' dir='ltr'><strong><em>ὅνιοὶτης</em></strong></span> <span class='ocrx_word' id='word_1_416' title='bbox 785 4328 829 4389; x_wconf 90' lang='lat' dir='ltr'><strong>ibi</strong></span> <span class='ocrx_word' id='word_1_417' title='bbox 847 4329 1006 4413; x_wconf 84' lang='lat' dir='ltr'><strong>reperisset</strong></span> <span class='ocrx_word' id='word_1_418' title='bbox 1026 4332 1111 4411; x_wconf 87' lang='lat' dir='ltr'><strong>queei</strong></span> <span class='ocrx_word' id='word_1_419' title='bbox 1131 4352 1170 4391; x_wconf 85' lang='lat' dir='ltr'><strong>ex</strong></span> <span class='ocrx_word' id='word_1_420' title='bbox 1189 4334 1282 4395; x_wconf 85' lang='lat' dir='ltr'><strong>verbo</strong></span> <span class='ocrx_word' id='word_1_421' title='bbox 1302 4328 1401 4415; x_wconf 69' lang='lat' dir='ltr'><strong>desto,</strong></span> 
     </span>
    </p>
   </div>
   <div class='ocr_carea' id='block_1_3' title="bbox 0 0 1513 4900">
    <p class='ocr_par' dir='ltr' id='par_1_3' title="bbox 0 0 1513 4900">
     <span class='ocr_line' id='line_1_47' title="bbox 0 0 1513 4900; baseline 0 0"><span class='ocrx_word' id='word_1_422' title='bbox 0 0 1513 4900; x_wconf 95' lang='lat' dir='ltr'><strong> </strong></span> 
     </span>
    </p>
   </div>
  </div>
 </body>
</html>
