3009 4900
299 299 376 374 ⁷10
596 299 832 368 oesnnvtt.
858 287 1095 368 rennuunt.

300 465 367 529 Act.
380 463 481 545 upon
495 465 518 530 6
533 465 563 537 1,
583 469 684 526 temen
697 462 786 524 letius
800 459 859 523 hoc
874 460 998 524 extendi
1011 461 1076 522 inre
1089 467 1203 542 potest3
1227 469 1267 522 et
1285 458 1339 522 ed
1361 461 1448 521 ires-

301 552 482 625 verentiem,
502 567 562 628 que
581 547 683 630 religio
699 549 845 624 violetur,
865 567 928 608 non
952 547 1100 608 immerito
1118 546 1169 606 iric
1188 546 1447 626 aeschynes

271 695 276 700 .
302 634 560 697 eccommodetum
581 644 636 695 eet.
684 642 873 714 contemptus
895 633 973 694 enim
996 651 1059 694 non
1081 632 1191 692 dubim
1220 641 1276 692 eet
1310 633 1446 692 divinae

301 721 482 795 meiestetie,
507 718 704 799 preeecriptee
719 719 758 778 eb
775 719 841 799 ipsc
866 715 923 777 deo
941 719 973 778 in
992 718 1055 778 eins
1077 717 1163 778 cultu
1184 718 1445 778 observationes

302 806 459 886 negligere.
499 823 593 884 quere
607 804 715 865 Penius
728 801 900 864 Corinthios
917 811 1068 880 temquem
1087 802 1135 862 dei
1154 803 1332 864 ecclesiam
1361 823 1445 862 ωι-

303 902 463 951 temnentes
477 893 746 972 καταφρονοῦντας
759 889 894 968 increpat
910 895 926 953 t
941 889 1008 948 Cor.
1026 893 1062 953 11
1081 892 1139 962 22,
1160 888 1245 966 quod
1258 890 1303 947 in
1324 907 1372 946 ee
1389 907 1444 946 ve-

302 977 353 1037 lut
364 977 396 1036 in
414 976 481 1036 loco
493 975 620 1056 profano
633 974 835 1034 comederent:
855 969 896 1054 μή
912 970 971 1055 γὰρ
984 972 1082 1047 οἰκίας
1101 971 1178 1052 tzere
1189 975 1235 1046 rie
1246 971 1288 1036 cd
1306 973 1443 1038 toene·

302 1060 358 1126 καὶ
371 1063 485 1138 nivem
504 1054 598 1140 ἢτῆς
612 1058 769 1139 ἐκκλησίας
781 1061 838 1122 τοῦ
854 1061 932 1122 θεοῦ
947 1062 1169 1140 καταφρονεῖτε.
1210 1059 1296 1136 quid
1325 1067 1443 1117 eutem

303 1146 330 1207 si
349 1147 532 1226 suspicemur
551 1144 763 1225 Pechymerem
789 1151 939 1220 nostrum,
967 1161 1036 1202 cum
1058 1141 1139 1222 epud
1157 1163 1247 1204 sunm
1269 1163 1442 1222 magnum

304 1230 473 1312 Apollinem
486 1229 668 1310 Hesychium
688 1229 817 1308 legisset,
837 1229 904 1288 loco
921 1248 938 1285 e
953 1247 1001 1288 me
1014 1227 1104 1288 modo
1122 1227 1297 1308 dempto,
1325 1253 1442 1310 παρα-

304 1321 492 1396 ereptiones
511 1323 543 1374 et
562 1319 821 1396 καταφρονεῖσθαι
842 1322 878 1373 nt
898 1313 1139 1392 ἰσοδυναμοῦντα
1157 1314 1361 1392 conparari,
1394 1315 1438 1372 si-

304 1401 428 1477 mulque
439 1399 564 1460 heberet
576 1400 609 1460 in
624 1401 725 1458 enimc
737 1407 936 1458 memoratum
950 1397 1032 1457 Penii
1044 1399 1142 1458 locum
1156 1399 1318 1458 contemni
1331 1422 1439 1460 πατο-

199 1489 290 1546 ΗΟΞ
306 1491 491 1565 φρονεῖσθαι
507 1483 658 1544 eocleeiem
680 1485 860 1544 comestione
880 1483 1105 1562 conquerentis,
1131 1483 1346 1544 irreverentia
1370 1503 1436 1560 que

305 1579 498 1652 preesumpto
516 1578 604 1630 noete
617 1569 796 1650 intempeste
813 1569 879 1630 cibo
891 1588 954 1628 non
971 1567 1064 1628 ieiuni
1083 1569 1181 1628 clerici
1199 1578 1257 1628 eut
1272 1568 1436 1628 monechi

306 1657 382 1731 eris,
404 1653 477 1714 dum
491 1654 675 1716 certificetur
688 1671 776 1715 mene
792 1654 961 1729 edsterent,
981 1659 1273 1735 παραθαιρεῖσθατ,
1292 1651 1365 1714 hcc
1383 1663 1433 1712 est

304 1745 566 1821 καταφρονεῖσθαι
571 1787 583 1820 ,
604 1738 715 1821 dmpici
734 1739 884 1802 contemni
898 1757 997 1800 eeoree
1015 1737 1184 1798 oblationes
1191 1737 1430 1817 criminentur,

327 1825 458 1887 osuissei

304 1847 326 1908 P
392 1904 577 1993 πάροικοι
596 1912 701 1987 peoe
722 1927 753 1969 v.
769 1913 819 1974 12.
861 1927 935 1986 quos
949 1905 999 1968 hio
1012 1917 1104 1968 vocet
1115 1905 1319 1988 Pechymeree
1340 1933 1426 1990 παρ-

306 1995 427 2070 οίκους,
448 1995 574 2075 opponit
592 1994 772 2055 hebentibus
790 1995 952 2073 προνοίας,
973 2013 1047 2071 ques
1063 1993 1100 2052 eb
1119 2013 1154 2052 eo
1170 1994 1279 2055 vocari
1294 1996 1423 2074 peneio-

306 2099 361 2142 nee
378 2079 469 2160 pendi
491 2079 592 2140 solitos
612 2098 630 2138 e
646 2079 767 2161 publico
786 2079 983 2140 militantibus
1005 2087 1059 2138 eut
1082 2078 1211 2157 aliquem
1231 2079 1420 2158 reipublicae

307 2165 487 2227 neventibus
512 2185 648 2246 operem,
670 2165 810 2226 docemus
831 2163 871 2224 ed
889 2164 921 2224 id
941 2164 1067 2225 verbum
1087 2163 1147 2223 hoc
1163 2165 1230 2244 ipso
1252 2165 1418 2227 Gloeserio.

305 2253 350 2312 eit
364 2251 442 2311 enim
454 2250 506 2310 hic
520 2252 712 2332 (quemquem
725 2249 885 2310 intrincete
895 2269 932 2309 ec
942 2249 1135 2330 perobscure:
1155 2269 1227 2310 nem
1240 2258 1342 2310 totum
1356 2249 1417 2310 hoc

305 2353 378 2414 pree
400 2335 523 2393 caeteris
546 2345 639 2414 ceput
661 2336 782 2395 confuse
801 2335 927 2415 eliiptice
947 2333 1208 2394 tenebricosissime
1233 2345 1416 2414 conceptum

178 2484 188 2495 ⁶
305 2418 361 2493 est)
373 2417 425 2493 eit,
444 2418 576 2495 inquem,
607 2419 656 2481 vsi
667 2420 767 2499 potine
778 2429 940 2499 utcumque
952 2419 1106 2499 significet,
1123 2417 1338 2496 Andronicum,
1362 2423 1414 2482 cui

305 2521 411 2579 megne
430 2521 507 2581 opus
524 2512 589 2561 eret
610 2506 736 2581 pecunie
756 2506 837 2563 unde
856 2504 1003 2584 stipendie
1024 2506 1208 2565 Cretensdrm
1228 2506 1265 2563 eb
1285 2506 1350 2583 ipsc
1374 2508 1410 2565 in

307 2586 460 2647 Orientem
473 2586 604 2647 evocetis
620 2596 652 2647 et
670 2588 732 2647 iliic
746 2587 838 2648 fidem
858 2588 914 2667 ipsi
931 2592 1111 2651 novantibus
1129 2610 1243 2673 opernm
1259 2609 1324 2648 cum
1338 2589 1407 2648 fide

305 2680 554 2751 repreesenteret,
574 2692 637 2733 erm
652 2672 765 2733 indicte
779 2673 966 2735 subditorum
979 2676 1138 2737 collatione
1150 2674 1308 2737 conieciese.
1329 2675 1407 2751 quie

305 2776 381 2818 vero
402 2757 548 2819 simmodi
565 2760 809 2819 extraordinariis
827 2760 994 2839 sumptibus
1012 2762 1158 2841 eseignete
1175 2760 1287 2823 dudum
1305 2759 1415 2827 fueret.

306 2844 427 2904 erectio
440 2843 571 2905 decimee
585 2845 762 2924 pensionum
778 2864 946 2906 ennuerum
959 2866 977 2903 e
989 2846 1135 2927 stipendis
1149 2865 1332 2927 quocumque
1346 2866 1407 2907 no-

306 2929 389 2989 mine
402 2930 600 3005 merentibus,
620 2950 689 2992 cnm
701 2932 761 2990 iem
780 2932 801 2991 ii
815 2932 988 2993 continuete
1002 2932 1056 2992 diu
1073 2952 1108 2991 ee
1119 2932 1314 2994 diminutione
1326 2952 1406 2992 mer-
1446 2960 1450 2965 ¹

307 3012 389 3073 cedis
401 3010 540 3073 exiiensti
551 3018 744 3093 enervetique
760 3016 905 3077 solvendo
920 3036 982 3077 non
994 3026 1107 3093 essent,
1128 3038 1205 3079 onus
1220 3017 1251 3077 id
1266 3017 1404 3079 devolve-

214 3179 218 3185 *
307 3098 400 3157 betur
412 3096 453 3157 ed
465 3100 649 3179 παροίκους,
671 3100 805 3177 horest,
824 3110 862 3160 ut
873 3102 996 3181 reeipse
1009 3112 1120 3179 monet,
1141 3104 1179 3163 ed
1201 3104 1333 3182 privetos
1350 3124 1403 3183 pe-

307 3183 451 3243 trimonio
463 3182 599 3243 viventes
619 3194 673 3245 eut
691 3186 807 3263 peculio
822 3186 1001 3265 domenico,
1022 3187 1086 3247 sine
1099 3187 1168 3247 ullis
1187 3208 1206 3247 e
1220 3186 1291 3248 fiseo
1310 3189 1400 3249 subri-

305 3266 376 3333 diis.
418 3270 520 3347 enqui
538 3269 678 3330 dicentur
689 3269 749 3329 hoc
761 3270 828 3330 loeo
841 3270 995 3354 πάροικοι.
1035 3292 1089 3353 ego
1104 3274 1238 3354 privetee
1249 3274 1293 3333 rei
1307 3276 1399 3334 domi-

306 3371 364 3414 nos
379 3359 411 3411 et
419 3354 647 3432 petreeiemiliee
658 3354 850 3434 interpretor.

392 3435 710 3518 παροποστᾶσεας
729 3460 759 3518 p.
776 3440 837 3505 stt
850 3460 882 3504 v.
896 3445 947 3507 12·
989 3438 1031 3514 dr
1044 3441 1126 3523 εἴπερ
1140 3440 1397 3524 εὑρεθεῖεν-τοῖν

306 3515 436 3604 ἆγαθοόν
451 3518 610 3596 ἀπουσίας.
651 3521 727 3583 ierec
739 3524 870 3585 emibens
884 3534 990 3586 ructor
1008 3527 1072 3586 eine
1089 3526 1180 3587 dubio
1200 3528 1343 3606 cogitebet
1360 3530 1396 3589 it-

306 3605 363 3666 icd
384 3608 413 3665 S.
430 3606 561 3686 Dionysii
578 3607 772 3688 Areopegitee
791 3610 906 3671 dictum
924 3610 946 3676 l.
967 3611 1004 3671 de
1021 3612 1135 3672 Divinis
1153 3614 1323 3674 Nominibus
1340 3614 1393 3678 et

306 3712 338 3771 p·
351 3695 415 3757 217
433 3692 483 3754 ed.
501 3693 628 3753 Lemelii
640 3695 811 3755 Perisiensis
832 3716 879 3755 en.
895 3697 991 3763 1615:
1013 3694 1061 3760 ded
1081 3694 1152 3761 adn
1167 3692 1328 3762 rictiovario
1343 3699 1392 3777 ἔχει

306 3772 341 3839 ed
353 3771 450 3840 κακὸν
461 3772 535 3839 e’ttd
547 3775 784 3861 noposrdorocsv.
811 3780 964 3859 significet,
978 3802 1047 3841 cum
1060 3784 1171 3843 melum
1186 3784 1259 3843 nihii
1272 3786 1308 3843 sit
1320 3784 1390 3842 eliud

307 3880 398 3938 quem
415 3862 488 3922 boni
502 3864 649 3943 privatio,
673 3865 734 3925 hoc
755 3866 902 3927 vocebuio
921 3868 1037 3927 molum
1055 3890 1116 3928 non
1135 3869 1289 3948 significari
1303 3888 1392 3929 veram

306 3949 471 4007 extentiem
492 3957 545 4008 eut
561 3950 782 4011 unbeistentiem
803 3955 846 4011 rei
869 3951 1050 4031 cuiuspiam,
1072 3954 1124 4014 sed
1141 3957 1225 4033 queri
1245 3955 1389 4015 excutiam

305 4038 360 4088 ent
375 4034 460 4108 queri
478 4032 713 4107 subdstentiem,
735 4036 798 4095 solo
816 4036 905 4097 modo
919 4036 1063 4117 loquendi
1080 4040 1264 4120 exprimente
1280 4040 1389 4119 positive

304 4114 485 4177 formarem
507 4137 588 4181 mers
606 4122 797 4201 privetivem.
839 4120 922 4181 unde
939 4122 1019 4183 idem
1042 4135 1144 4185 noster
1164 4124 1342 4203 Peohymeree
1358 4125 1387 4183 in

306 4198 480 4294 petephren
500 4201 540 4262 ed
560 4224 630 4267 eum
646 4206 779 4285 Dionyeii
792 4206 892 4265 iocum
913 4210 1020 4286 p.124
1038 4210 1168 4271 eiusdem
1181 4210 1324 4286 editionis,
1342 4230 1384 4269 re-

305 4292 416 4343 nonem
431 4305 525 4363 quere
535 4288 695 4371 Dionyriue
707 4298 792 4373 neget
803 4290 969 4359 ὑπόστασιν
985 4295 1202 4359 subeietentiem
1221 4296 1305 4375 meio,
1320 4296 1384 4357 hene
