3009 4900
44 315 50 386 Ι
324 331 406 400 LIB.
427 327 487 401 lll.
539 325 907 402 OERONOLOGIGUS.
1097 331 1172 402 865

44 487 127 582 iffi
164 485 300 632 Ξξῇζ
320 487 446 583 hm*
476 493 655 569 Palmarum,
674 493 738 554 aive
750 491 848 574 pridie
865 493 926 554 eius
938 493 1014 569 festi,
1028 495 1107 573 quod
1121 496 1171 563 illo

45 626 46 633 ,
166 602 301 685 οιωιιιὼ
320 571 413 685 Μ’
477 600 557 640 anuo
567 577 679 638 Pascha
689 579 819 639 habente
831 584 871 646 26
880 580 979 640 Martii
992 583 1112 640 omnino
1126 585 1173 643 in.

395 641 439 686 '¹⁰¹
477 665 596 725 ciditin
609 669 651 730 19
659 663 793 724 eiusdem
805 665 922 742 maasia,
945 685 979 723 ac
990 683 1174 744 consequen-

45 753 143 815 1807
236 751 258 812 8
359 748 402 814 25
476 760 523 810 ter
534 749 714 828 praecedens
723 750 878 809 sabbatum
891 749 1175 814 19Martiidiemiu-

326 826 438 947 Minuta
476 836 563 908 sedit,
583 836 761 896 Ronuerim
775 835 905 894 Caesaris
918 835 1044 914 insignia
1057 837 1094 895 ab
1109 837 1174 896 An·

476 920 601 982 dronim
617 919 796 1000 imperatore
812 920 851 980 ad
865 939 896 979 sc
908 923 1011 997 missa,
1032 941 1100 982 cum
1113 923 1173 982 tri-

475 1006 532 1065 bus
545 1013 577 1066 at
587 1005 709 1086 triginta
723 1025 913 1067 nummorum
927 1025 1086 1068 aureorum
1100 1007 1170 1068 mil-
1186 1014 1209 1068 Ρ
1227 1017 1277 1074 627
1379 1041 1383 1047 -

475 1091 562 1167 libus,
580 1089 750 1151 solemniter
763 1090 872 1153 induit.
914 1091 934 1152 l.
951 1095 971 1156 6
986 1111 1012 1150 c.
1026 1097 1078 1156 22.

518 1175 695 1237 lloutacriua
705 1176 766 1234 iam
784 1177 889 1236 Caesar
902 1195 969 1236 curn
986 1177 1046 1241 150
1061 1176 1173 1238 lectiae

475 1279 599 1320 suorum
616 1280 742 1323 numero
756 1259 981 1340 Adriauopolim
995 1281 1026 1320 ae
1046 1263 1172 1338 confert,

475 1345 661 1406 salutaturus
675 1347 736 1407 illio
753 1345 924 1406 llichaelem
943 1347 1089 1406 iuniorem
1105 1347 1172 1408 Au-

473 1439 614 1510 gustum,
634 1450 653 1491 a
671 1451 732 1510 quo
744 1431 898 1512 magnifice
916 1431 1072 1512 excipitur.
1114 1431 1136 1498 l.
1151 1438 1172 1498 6

475 1535 502 1578 c.
521 1520 574 1580 23.

515 1599 694 1661 Rontzerius
708 1599 815 1660 Caesar
830 1599 868 1658 ab
881 1597 980 1660 Alanis
993 1597 1173 1662 interficitur

474 1683 668 1765 Adrianopoli
687 1684 720 1744 iu
740 1687 807 1764 ipso
828 1684 914 1746 aditu
928 1685 1055 1744 cubiculi
1070 1685 1172 1764 Augu-

473 1779 554 1848 stae,
570 1770 612 1831 ad
631 1789 724 1850 quam
738 1769 929 1831 salutandam
948 1769 1172 1832 admittebatur.

473 1855 494 1916 l
511 1860 531 1920 6
545 1875 572 1914 e·
584 1853 635 1921 24.

380 2003 384 2012 ,
515 1939 586 2000 liius
610 1941 732 2001 comitas
750 1937 783 1998 in
808 1937 973 1999 custodiam
1000 1945 1075 1999 tunc
1100 1937 1173 2016 dati,

473 2033 576 2104 postea
591 2026 659 2104 suga
671 2023 798 2084 evadere
811 2033 962 2100 conantes,
983 2022 1101 2099 obsessi,
1115 2044 1174 2103 op·

473 2110 614 2190 pugnati,
634 2110 701 2188 igne
722 2108 871 2189 absumpti
887 2116 967 2168 suut.
1010 2109 1030 2168 l.
1046 2113 1066 2172 6
1083 2129 1109 2167 c.
1123 2115 1174 2174 38.

516 2195 649 2255 Catelani
676 2195 833 2272 callipoli,
862 2194 914 2253 ubi
942 2193 1173 2253 dominabantur

473 2280 616 2339 Romanis
638 2277 680 2338 ibi
701 2277 864 2338 crudeliter
886 2279 1063 2350 interfectis,
1091 2279 1173 2337 obei-

474 2363 585 2424 dentur
600 2364 638 2422 ab
652 2365 787 2423 exercitu
801 2365 952 2439 Romano,
978 2363 1052 2421 duca
1066 2383 1173 2442 magno

473 2448 656 2528 primicerio:
684 2450 736 2508 sed
760 2450 929 2520 obsidione,
951 2447 1057 2507 fraude
1077 2445 1173 2529 imps-

472 2536 559 2593 tratis
580 2531 722 2609 indutiis,
743 2534 845 2594 laxata
865 2552 963 2593 arcem
981 2534 1063 2592 illam
1087 2554 1173 2595 com-

472 2619 626 2692 meatibus,
638 2628 668 2678 et
677 2620 833 2697 praesidiis
848 2621 996 2679 muniunt.
1039 2628 1103 2677 tum
1116 2640 1173 2679 au-

470 2706 513 2763 cti
541 2706 632 2783 copiis
664 2704 798 2779 regiones
823 2704 972 2761 Romanas
1005 2702 1173 2770 incursant.

470 2787 645 2846 Perinthum
657 2784 704 2843 die
717 2790 760 2849 28
771 2784 842 2845 Maii
856 2788 887 2845 vi
902 2786 1033 2865 capiunt,
1049 2787 1172 2864 puberi-

469 2870 526 2928 bus
541 2870 580 2927 ibi
595 2866 718 2947 repertis
737 2870 848 2929 occisis.
884 2878 915 2928 ct
929 2869 1031 2928 eadem
1047 2869 1094 2929 die
1106 2878 1173 2930 tra-

470 2956 547 3013 iecto
565 2954 643 3012 freto
660 2954 756 3030 ignem
776 2955 863 3013 tectis
881 2954 1001 3013 rusticis
1022 2974 1075 3033 per
1089 2976 1173 3015 cam-

470 3060 525 3121 pos
537 3038 683 3113 inliciunt,
698 3037 802 3097 obvios
816 3058 933 3117 quoque
947 3040 1171 3116 obtruncantes,

471 3134 503 3183 et
517 3132 664 3182 terrorem
680 3122 763 3182 urbis
778 3125 871 3205 ipsius
891 3126 986 3205 portis
1000 3124 1171 3205 admovent,

471 3208 701 3288 confugientium
726 3210 760 3267 in
787 3218 889 3271 tutum
910 3208 966 3270 vix
988 3211 1171 3288 capientibus

471 3295 591 3355 turbam
604 3293 625 3353 l.
639 3296 696 3357 60.
711 3296 763 3358 26.
1027 3356 1029 3359 ,

513 3379 673 3438 Cuiusdam
710 3377 843 3437 Catelaui
881 3376 920 3436 ad
960 3374 1172 3457 imperatorem

469 3466 655 3543 manslugae,
679 3478 768 3540 quem
784 3465 809 3524 ia
826 3462 986 3522 Amiralem
1008 3473 1171 3541 creaverat,

458 3549 602 3632 ‚proditio
619 3549 775 3625 detegitur.
817 3548 837 3607 l.
851 3551 871 3614 5
886 3568 911 3609 c.
927 3552 980 3613 26.

512 3634 586 3693 lude
600 3632 744 3692 seditione
763 3634 794 3694 in
813 3632 888 3693 urbe
905 3633 1068 3704 concitata,
1087 3631 1171 3712 plebs

356 3715 360 3726 '
414 3736 420 3745 ·
471 3718 710 3797 quaerendorum
753 3718 962 3778 catalonorum
1014 3716 1169 3776 latentium

468 3813 631 3884 praetextu
646 3802 733 3862 aedes
754 3804 865 3865 civium
885 3801 987 3883 diripit
1005 3810 1035 3861 et
1050 3800 1171 3863 inflam-

469 3898 543 3950 mat.
577 3888 650 3949 ibid.

513 3976 623 4049 Frerii,
643 3972 703 4033 hoc
721 3980 766 4031 sat
785 3968 923 4031 monachi
943 3968 1056 4045 Latini,
1080 3969 1170 4031 domo

471 4068 502 4117 et
515 4059 642 4140 templo,
663 4077 740 4137 quae
753 4076 899 4117 consensu
911 4054 1097 4132 imperatoris
1119 4056 1169 4114 in-

469 4152 520 4204 tra
531 4146 637 4206 urbem
652 4144 817 4222 habebant,
838 4162 892 4221 per
904 4138 1099 4199 Athanasium
1114 4160 1170 4221 pa-

470 4230 634 4291 triarcham
664 4228 866 4309 expelluntur.
913 4223 1061 4285 exarchus
1087 4226 1171 4285 Pira-

470 4336 538 4396 nus,
558 4316 611 4397 qui
622 4316 649 4377 ei
661 4312 828 4376 executioni
841 4312 1019 4393 praefuerat,
1033 4329 1087 4391 per
1099 4310 1174 4372 sub·

136 4404 248 4478 Georgius
270 4405 441 4476 Psalmo
461 4406 500 4461 ll.
925 4396 969 4463 65
