3009 4900
294 285 374 390 eto
593 313 829 384 ctutum.
852 313 1118 387 recurunt:

292 501 410 542 morum
428 477 672 560 ePephiagouia,
698 487 729 539 et
742 478 886 540 obeiatete
897 477 953 538 tibi
968 487 1109 540 conatum
1125 475 1416 538 Hunlomia.

292 587 417 626 etenum
436 565 543 625 ducem
562 566 625 624 ecit
643 563 751 625 vicieee
771 583 865 645 pinpo
883 563 1083 624 Nicomediam
1098 563 1303 644 Bithyniae
1322 571 1420 620 ωο-
1470 577 1471 614 2

293 653 406 730 poiim,
427 671 517 730 quent
528 648 600 709 iude
611 651 714 710 uebtm
726 650 812 710 velut
825 647 972 709 obtectam
986 649 1084 729 campi
1098 648 1273 708 dominata
1288 647 1424 708 tennm't

292 737 369 798 haec
393 736 551 814 contigisse
568 735 650 794 urea
673 734 827 814 Bepheuut
852 754 947 815 prope
964 734 1172 794 Nicomediam
1191 735 1264 794 die
1282 733 1428 792 vitain
1468 779 1469 806 ξ

294 824 418 904 teptime
438 820 546 880 mentio
560 819 631 880 iulii
649 819 760 880 diretta
782 818 974 898 Pachymerea
994 819 1106 880 tradit:
1129 839 1270 879 annum
1296 838 1344 877 ex
1363 817 1429 876 eeaie

293 929 395 967 terunt
424 901 625 966 aeritimiliter
650 905 835 966 affiatuemut
854 905 886 964 in
912 904 1042 985 Synopai
1061 904 1147 964 hunc
1168 905 1295 964 suinae
1319 903 1432 962 chtisti

294 998 387 1058 1299.
413 991 548 1069 aequanti
565 993 647 1055 1300
659 992 789 1068 putarim
802 991 935 1051 eveniete
951 990 1032 1069 quad
1043 999 1147 1050 notter
1161 997 1299 1050 namt
1317 1010 1357 1069 p.
1374 986 1432 1050 ttt

293 1098 324 1136 v.
340 1084 375 1152 1,
398 1077 541 1137 videlicet
551 1075 694 1154 quaedam
709 1077 856 1138 Romanae
870 1077 970 1156 copiae
983 1074 1060 1135 duce
1076 1075 1216 1153 quodam
1234 1073 1379 1148 Sim-o,
1400 1073 1430 1128 et

292 1161 474 1241 imperatore
496 1161 535 1222 ed
552 1179 616 1219 aem
635 1159 776 1220 tuendam
794 1161 977 1242 provinciam
995 1159 1101 1233 mitto,
1124 1160 1296 1219 collectae
1314 1159 1362 1218 ab
1381 1160 1431 1216 At-

292 1266 380 1306 mane
400 1245 555 1306 occidione
576 1246 668 1305 initae
689 1245 817 1320 deletam
840 1243 920 1304 uude
941 1249 1039 1304 uictor
1054 1243 1176 1304 Acmen
1191 1241 1428 1324 prqgredt'eae

291 1333 490 1390 Belocomam
510 1330 621 1408 (verba
643 1340 715 1390 tunt
728 1329 940 1410 Pachyntetit)
963 1330 1105 1390 itttt'Iimt
1123 1333 1157 1388 vi
1180 1333 1309 1409 eupit,
1337 1339 1374 1386 et
1386 1328 1430 1384 iii

291 1429 421 1494 repertae
433 1417 587 1496 t'utefict't.
628 1418 694 1495 ipae
704 1427 807 1474 autent
817 1418 974 1474 immutate
987 1415 1097 1495 opibue
1111 1437 1147 1474 ea
1158 1416 1300 1474 clamis
1312 1416 1425 1472 mutat'·

290 1505 372 1560 tione
381 1505 503 1578 potitae
509 1499 673 1583 praeditet
685 1501 757 1559 inde
768 1511 813 1560 eat
821 1501 955 1564 haduae.
988 1507 1072 1560 mett
1086 1503 1202 1580 quippe
1214 1501 1332 1560 itlius
1346 1519 1424 1556 aaa·

290 1589 433 1646 nimetttt'e
449 1590 515 1646 eitu
535 1599 565 1645 et
585 1599 653 1646 arte
672 1587 789 1646 aalidt'e
808 1586 853 1644 ad
870 1589 1026 1666 quaesitae
1041 1583 1421 1665 pauniaccustodtae

290 1683 381 1747 aaut,
402 1693 534 1752 magnae
548 1673 610 1732 eibi
626 1673 804 1748 mauros,
826 1670 993 1732 teudebaldi
1007 1692 1046 1729 ac
1053 1673 1266 1750 principatus
1280 1667 1416 1749 capedi-

290 1769 337 1816 ret
347 1770 506 1838 sumptae,
525 1779 629 1819 oetan
640 1755 781 1817 aaudiat
798 1756 844 1818 ad
853 1777 978 1816 manunt
994 1755 1113 1816 habau
1144 1757 1271 1816 lam-aete
1284 1775 1415 1834 magua

283 1862 362 1922 pare
375 1845 590 1904 calamitatum
611 1846 645 1902 ita
665 1847 802 1904 Prtteam
816 1840 1019 1916 redundavit,
1041 1845 1087 1901 tic
1100 1839 1264 1902 nudatam
1271 1861 1408 1922 poeta·

288 1931 374 1986 aione
385 1933 458 2010 agri
477 1934 531 1989 eui
552 1941 580 1989 et
600 1932 685 1988 intra
702 1949 862 1988 murorum
877 1928 1026 1988 ambitam
1039 1925 1201 1986 redactum
1213 1937 1278 1992 etc.
1328 1926 1407 1986 haec

183 2009 272 2064 ΡΜ
290 2013 500 2092 Pachynum,
522 2034 598 2095 quea
619 2015 693 2075 tetie
708 2015 788 2074 ciere
803 2014 938 2074 indicent
952 2012 1148 2074 mutationem
1167 2011 1233 2072 hoc
1253 2023 1400 2093 tempore

286 2098 320 2158 in
343 2101 468 2160 Atmane
489 2103 616 2171 iactam,
637 2099 751 2179 quatio
771 2101 888 2178 privato
898 2101 931 2158 iu
949 2097 1145 2178 principalem
1162 2108 1295 2158 etatum.
1340 2115 1400 2154 eu-

285 2183 404 2244 diemna
422 2186 480 2245 iem
501 2186 628 2246 trata:
665 2186 697 2246 iti
718 2205 825 2262 magno
843 2201 991 2245 comptu
1010 2181 1161 2242 affirmant
1173 2181 1397 2244 Othmaueme

284 2270 432 2349 toparcha
456 2273 671 2352 Karaieptegae
693 2281 724 2330 et
743 2269 873 2350 timplici
896 2279 1015 2348 tetrepa
1033 2269 1168 2328 suuni·
1182 2288 1241 2330 eeu
1255 2264 1391 2348 supremi

284 2353 399 2412 domiui
417 2375 527 2414 nomen
545 2356 705 2415 edecivitea
715 2375 795 2416 anno
808 2353 930 2432 flagitat
942 2357 1016 2420 699·
1050 2351 1140 2412 huiue
1154 2355 1230 2412 anni
1245 2374 1316 2414 cunt
1330 2352 1389 2409 te-

280 2436 387 2495 leudae
407 2439 588 2501 Muharrauti
604 2440 770 2499 intederiut
788 2439 866 2499 diem
881 2445 923 2507 28
940 2438 1120 2521 Septembrit
1134 2439 1247 2499 Iuliani
1259 2440 1290 2499 in
1301 2454 1381 2495 anuo
1469 2379 1471 2505 i

282 2520 393 2581 Chritti
413 2528 514 2600 1299,
535 2534 566 2583 et
585 2542 675 2603 quatu
701 2525 931 2585 memoravimus
956 2545 974 2584 e
1001 2522 1183 2604 Pachymeae
1207 2524 1379 2584 Beiocomae

281 2608 463 2685 expugnatio
485 2610 522 2669 ad
543 2626 658 2669 montet
678 2608 807 2669 nativo·
831 2608 1010 2689 pertinuitte
1032 2610 1186 2685 videatur,
1210 2610 1371 2685 intelligett-
1470 2580 1471 2647 i

164 2723 169 2732 ·
283 2692 357 2751 dum
372 2694 556 2774 relinquitur
572 2714 695 2773 regnet-e
709 2696 877 2769 Atmanem,
899 2693 964 2755 tine
984 2694 1047 2755 ulle
1062 2698 1123 2754 iam
1143 2694 1370 2755 ditaimaiaticue

282 2778 466 2840 vocabulum
478 2781 596 2862 imperii
608 2779 705 2861 pelam
717 2778 904 2859 uturpendo,
927 2782 1059 2861 coepitio
1070 2800 1150 2840 tnnc
1163 2780 1273 2841 Chrieti
1282 2780 1368 2849 15⁰⁰,
1470 2790 1471 2827 t

284 2861 375 2941 idque
390 2865 424 2923 in
439 2865 580 2946 Bithynia
599 2868 637 2926 td
657 2865 762 2925 urbem
779 2866 919 2941 Prutetn,
942 2886 1029 2945 quem
1047 2866 1140 2943 paulo
1164 2866 1273 2946 poetei
1286 2864 1373 2923 {uitae

283 2948 451 3009 euticetem
467 2952 641 3011 tributariae
661 2953 742 3027 pecie
762 2951 900 3025 nomina,
921 2970 1037 3013 revue
1054 2950 1209 3011 deditione
1226 2970 1264 3009 eo
1282 2947 1373 3009 tabie-

285 3035 385 3093 mone
408 3035 512 3112 plene,
532 3037 634 3096 innuit
660 3035 870 3115 Pachymerea,
893 3036 966 3095 dum
979 3036 1024 3095 tic
1035 3036 1141 3097 actibit
1152 3057 1186 3116 p.
1198 3036 1264 3103 697
1276 3054 1305 3094 v.
1321 3032 1373 3099 tit

282 3120 390 3178 Prata
401 3122 473 3199 ipea
485 3119 717 3179 ealmttttatibae
737 3120 869 3179 audaatct
882 3120 1056 3201 iugeutibtta
1067 3142 1158 3181 emere
1167 3142 1190 3179 a
1200 3122 1307 3180 Pereie
1320 3139 1373 3179 utt-

282 3215 399 3262 meruto
414 3209 546 3266 tentant
551 3210 651 3285 pretio
665 3206 805 3265 umbram
820 3209 927 3286 pacit,
946 3226 1005 3287 pra
1022 3228 1114 3286 vera,
1135 3226 1231 3287 quam
1248 3203 1372 3267 meadu-

281 3291 369 3349 et'itue
375 3294 541 3371 promissit
553 3302 760 3369 autentorum,
776 3312 864 3371 pace.
905 3292 947 3351 ite
960 3292 1024 3355 iiie.

363 3458 414 3519 VI.
457 3458 537 3519 Haec
551 3470 652 3522 temen
665 3482 726 3519 nort
740 3480 775 3521 eo
786 3458 874 3520 tr'ehc
890 3472 925 3519 ut
937 3460 1102 3522 existimem
1117 3462 1242 3521 Prnaam
1255 3456 1372 3521 Atmeni

228 3570 233 3581 ·
276 3542 337 3603 iem
352 3552 418 3602 tunt
435 3546 517 3622 regui
533 3548 686 3627 principio
700 3547 789 3626 plene
803 3566 982 3624 pottettam,
1005 3566 1074 3605 cum
1086 3564 1150 3605 eam
1166 3546 1289 3625 quidam
1304 3552 1370 3605 are.

276 3627 349 3687 butu
365 3628 419 3689 tub
439 3628 531 3691 finem
552 3641 670 3693 tantum
687 3632 768 3691 vitae
783 3631 936 3707 Atmanit,
954 3630 1074 3711 quidam
1087 3633 1210 3691 nonnisi
1226 3642 1300 3713 poet
1312 3632 1370 3689 eiua

276 3714 393 3773 obitum
405 3734 421 3772 a
435 3713 500 3773 filio
513 3716 576 3776 eiut
591 3728 621 3777 ct
637 3736 810 3777 tucceetcre
821 3714 960 3777 Urchane
980 3716 1100 3795 penitae
1114 3718 1300 3795 subiugatam
1311 3726 1370 3777 trt-
1466 3740 1471 3773 1⁴

276 3798 361 3861 dant.
402 3819 509 3861 verum
524 3822 593 3862 cum
607 3824 671 3862 aem
680 3801 791 3887 ¹urbem
805 3802 922 3861 arcibut
934 3804 1143 3880 undecumque
1155 3824 1172 3861 e
1183 3823 1216 3861 ee
1230 3800 1367 3881 pcttettit

276 3884 409 3944 cinctun
427 3895 459 3944 et
478 3888 652 3965 vectigalem
672 3887 712 3946 ed
731 3886 851 3946 libitum
871 3886 1009 3963 hebetet,
1028 3906 1123 3965 aequo
1136 3887 1257 3947 iuterim
1273 3886 1366 3947 animo

275 3968 391 4028 serebat
411 3971 473 4031 eine
495 3991 527 4030 ae
553 3973 690 4051 ingrcttu
709 3972 880 4047 exolutum,
902 3992 990 4050 quem
1006 3972 1062 4031 tibi
1074 3990 1110 4031 ac
1122 3973 1184 4033 anit
1199 3972 1365 4050 aliquando,

273 4062 310 4111 ut
324 4073 371 4112 ree
383 4064 447 4115 tum
461 4076 492 4115 ta
505 4054 665 4126 habebant,
680 4056 773 4117 libere
786 4056 978 4136 pendendum
991 4066 1071 4117 certa
1088 4058 1296 4133 praetumebat
1306 4076 1363 4135 tpc.

272 4136 306 4195 in
317 4135 377 4196 hoc
388 4140 482 4215 igitur
494 4142 700 4216 incumbebat,
722 4142 830 4220 ntegri
844 4162 878 4201 ac
892 4142 1066 4222 provinciae
1079 4142 1179 4217 iiliut,
1201 4162 1308 4221 nempe
1321 4143 1365 4201 ui-

274 4220 398 4299 thyniae
410 4226 586 4304 univertee,
608 4228 664 4289 tibi
676 4226 840 4287 dominium
856 4236 1019 4301 attereret,
1038 4228 1120 4305 qnod
1134 4222 1365 4307 cautequaiietur

275 4307 392 4367 arcibut
414 4309 580 4388 paimariit,
604 4323 634 4373 et
654 4312 736 4373 unda
756 4312 871 4373 urbium
895 4332 1067 4391 magnarum
1081 4313 1161 4375 telut
1177 4320 1208 4373 et
1222 4312 1363 4373 tecutitat
