3009 4900
464 308 558 380 tto.
579 311 606 380 1.
657 309 957 380 Gnosstmttet·
1185 315 1261 386 717

146 503 225 558 pero
239 473 428 560 ιιοιάρᾆον,
451 479 504 538 eed
516 497 593 558 quse
612 495 703 558 super
721 479 798 539 illud
810 479 943 556 atsbeut,
960 481 1108 560 spinarum
1121 490 1152 540 et
1163 483 1261 542 moui·

145 566 298 646 pulorum
312 583 428 642 aggeres
443 561 609 648 προχοὶσεις
622 563 673 624 bic
687 573 790 625 nostro
804 565 885 644 dicti,
907 574 959 626 snt
971 585 1010 625 ex
1023 567 1058 626 iie
1072 587 1263 630 excussorem

147 649 270 709 cumuli
288 650 417 727 frugum.
1062 693 1066 701 .

242 736 380 816 ῥησείδ
388 757 425 796 ιιι
445 753 474 813 p.
488 737 576 804 291.
595 739 645 800 17.
688 735 888 810 sententiolas,
904 735 1117 796 diminutivum
1131 757 1150 794 e
1166 737 1263 818 ῥῆσις.

147 822 198 880 ite
214 820 377 899 Gregorius
389 819 538 899 Nyesenue
552 839 596 879 or.
612 823 651 883 12
662 822 799 895 tegetem.
839 821 933 880 verbe
947 822 1010 882 eius
1023 831 1107 883 snut:
1126 828 1266 903 ιιοισοχιῑ
1349 846 1355 866 ’

148 911 197 991 τῷ
211 903 308 989 κρότῳ
323 909 383 966 reia
401 906 569 980 letaretur,
591 905 790 986 ἒνσοτνρίζοιν
803 912 868 980 τοῖς
881 903 1003 986 ῥήμασι.

242 985 540 1072 σκαρσμιὶγιιιον
562 1009 590 1069 p.
604 989 708 1057 bote.
727 995 758 1056 6.
800 1011 877 1070 quae
894 994 989 1051 multa
1006 991 1044 1053 ‹le
1060 991 1261 1070 smmmeugio

151 1084 211 1135 eut
227 1077 427 1134 soeremoneio
440 1083 523 1135 reete
542 1076 687 1135 senatorio
707 1076 858 1156 praecipui
872 1077 995 1138 honorio
1007 1078 1153 1138 bieureine
1166 1076 1261 1151 dooet,

152 1183 219 1222 non
234 1170 355 1240 repot03
376 1179 431 1220 neo
445 1161 578 1220 describo
593 1160 643 1220 hio
663 1161 719 1220 alie
735 1164 832 1222 nostrl
852 1164 983 1224 auctoris
996 1164 1061 1222 loos
1079 1163 1164 1222 istius
1177 1162 1262 1238 qumi

153 1247 361 1328 paludamenti
376 1247 555 1306 mentionem
574 1247 721 1306 facientis.
763 1257 884 1307 tantum
906 1250 1049 1324 observo,
1072 1268 1110 1307 ex
1123 1247 1261 1306 hocloco

155 1331 241 1410 (enm
256 1349 331 1410 quoe
350 1331 505 1412 peculiaris
518 1333 608 1391 suerit
627 1333 689 1392 eine
705 1334 873 1392 vestimenti
893 1335 987 1393 forme
1008 1335 1142 1414 nnepiem
1159 1332 1263 1391 hecte-

155 1437 215 1476 nue
227 1415 362 1496 legerim)
377 1417 473 1477 videri
484 1418 572 1476 luisse
593 1419 688 1476 inetur
702 1421 829 1498 penales
849 1420 964 1498 largum
976 1422 1016 1479 'et
1031 1419 1216 1499 protundum
1229 1419 1263 1477 in

156 1523 275 1562 eunrmo
291 1512 425 1561 assutum
441 1504 592 1580 caputium
611 1501 762 1580 habentis,
783 1505 875 1584 idque
889 1523 926 1564 ex
939 1525 1040 1584 panem
1055 1504 1192 1578 orsseiori
1206 1521 1263 1563 nee

154 1589 298 1667 eimplioi,
320 1597 357 1646 ut
376 1587 461 1647 iecilo
477 1587 562 1646 hisne
583 1601 798 1668 perseveraret.
839 1590 892 1648 teli
908 1592 987 1649 euim
1000 1589 1095 1668 figure
1114 1597 1264 1668 opportu-

154 1693 231 1732 num
247 1681 411 1732 memorato
429 1672 479 1731 hie
492 1673 623 1733 ludibrio
642 1675 738 1735 suerit.
780 1693 887 1754 nempe
897 1677 983 1754 pueri
996 1674 1176 1754 bipyrigerii,
1197 1673 1261 1732 eiua
1277 1677 1299 1731 Ρ
1315 1677 1365 1731 508

154 1758 248 1833 iussu,
273 1777 372 1817 eornm
386 1759 479 1816 missis
494 1760 531 1817 ab
542 1759 731 1838 imperatore,
754 1779 879 1840 corpore
892 1761 972 1820 illiue
986 1761 1091 1818 esteris
1104 1759 1184 1838 pollii
1203 1777 1261 1837 pro

155 1845 421 1922 tonsurabantur,
442 1863 502 1922 quo
520 1863 559 1903 ex
578 1865 631 1906 ore
646 1849 730 1906 navio
744 1845 784 1906 ed
798 1865 905 1924 aquam
920 1846 1119 1926 pertingentes
1126 1845 1167 1903 ‘iu
1179 1861 1262 1903 mere

158 1929 311 2008 oeputinm
333 1931 562 2008 immergebant,
584 1931 666 1990 etit
688 1949 764 2009 aque
782 1932 938 2012 impletum
955 1931 1027 1989 inde
1048 1928 1135 1989 velut
1153 1929 1262 1987 nedum

160 2023 214 2072 ent
230 2014 347 2073 situlum
364 2015 518 2074 tollebent.
561 2016 642 2094 quod
662 2017 832 2096 exprimens
848 2017 1008 2077 Vetiesnus
1023 2017 1203 2096 epitometor
1221 2014 1265 2073 eio

159 2097 243 2157 huno
265 2099 364 2157 locum
383 2095 591 2179 παραφρᾰζοιι
621 2101 671 2163 eol
691 2099 726 2164 τό
748 2099 972 2183 σκορσμοὶνγιον
995 2101 1039 2177 εἰς
1055 2100 1168 2182 γέλωτα
1187 2096 1264 2162 nerei

160 2177 314 2262 θαλάττης
331 2183 451 2264 ἔβαλλεν
471 2198 497 2243 et
518 2190 770 2265 scaramangium
785 2209 841 2265 per
855 2188 991 2245 derisum
1004 2191 1037 2244 ie
1053 2205 1138 2244 mare
1149 2184 1266 2243 demis-

162 2269 253 2330 tebat.
296 2269 347 2328 ubi
370 2271 489 2330 videtur
511 2272 634 2330 innuere
648 2273 801 2331 cnorrllum
823 2273 979 2351 praecipue
991 2272 1075 2330 illum
1092 2271 1186 2330 inetur
1199 2270 1267 2328 cedi

161 2351 286 2431 liquoris
310 2372 460 2432 capacem,
482 2357 533 2434 qni
552 2377 667 2416 summo
689 2357 870 2416 adhaerebat
889 2358 1105 2435 emramangio,
1125 2355 1269 2434 peculiari

159 2439 226 2499 inre
241 2442 472 2521 eosremengium
496 2443 570 2517 dici,
591 2445 636 2503 uti
655 2443 844 2523 praecipuam
866 2444 929 2503 eine
943 2454 1075 2524 partem:
1095 2440 1173 2501 illud
1188 2443 1268 2501 enim

161 2525 257 2583 solum
268 2545 376 2585 cerum
389 2529 535 2606 patulum,
558 2529 666 2607 quippe
679 2528 848 2589 hauriendo
862 2539 974 2611 aptum,
996 2530 1028 2589 in
1039 2548 1148 2606 equam
1159 2546 1199 2587 ex
1213 2546 1268 2587 ors
1359 2548 1362 2555 ·

157 2612 245 2669 nevis
259 2611 418 2672 demissum
436 2612 524 2671 suieee
540 2614 707 2693 putendum
726 2624 779 2673 eet.

245 2714 338 2777 σκορ
349 2698 483 2759 benaein
503 2720 532 2779 p.
546 2704 608 2763 329
622 2720 649 2759 v.
664 2706 714 2765 13.
756 2701 799 2758 ite
812 2699 900 2778 plene
915 2716 1017 2755 omnes
1033 2694 1149 2755 eodioes
1160 2714 1267 2755 vocem

160 2780 239 2839 hene
258 2782 408 2857 scribunt,
429 2802 517 2861 quom
535 2784 602 2843 alibi
618 2785 713 2862 legere
730 2804 793 2843 nou
807 2781 934 2840 memini.
979 2790 1096 2839 tantem
1110 2780 1191 2858 opud
1203 2780 1268 2838 He-

163 2864 297 2945 sychium
310 2870 442 2947 reperio:
466 2872 686 2949 σκορδινᾶσθαι
701 2873 787 2947 (puto
804 2866 960 2946 legendnm
972 2866 1216 2941 σιιοοόινιοῖσθοιι)
1231 2861 1266 2927 rei

73 2959 75 2971 ⁴
162 2947 244 3029 παρὰ
261 2947 356 3026 φύσιν
367 2949 402 3014 rol
418 2946 489 3034 pilo]
503 2952 644 3016 ἐκτείνειν
657 2954 709 3015 eet
722 2952 908 3057 oepipeoboe
920 2946 993 3030 petel
1006 2948 1133 3030 χάσμης.
1152 2950 1267 3031 γίνεται

164 3033 197 3098 til
212 3038 301 3098 τοῦτο
315 3036 384 3119 περὶ
399 3035 472 3112 rotis·
486 3038 693 3121 ἐγειρομένους
711 3038 742 3113 ἐξ
754 3056 872 3114 omen,
894 3031 1020 3099 ὄσσοντο
1033 3031 1199 3115 χοισμσὶδεις
1214 3031 1267 3097 ὅν-

162 3142 209 3193 ret
222 3120 372 3183 ἐκτείνωσι
383 3120 437 3196 τοὶς
454 3131 562 3205 χεῖρας.
607 3127 840 3203 σκορδινιᾶσθιιι
851 3122 995 3200 eiguilicat
1006 3131 1128 3201 prseter
1138 3130 1267 3180 netur·-

162 3206 220 3265 lem
240 3208 364 3265 modum
382 3208 513 3269 membre
530 3211 691 3269 extendere
712 3226 780 3268 oum
800 3207 988 3283 oeoitatione,
1016 3216 1052 3267 nt
1069 3206 1166 3264 solent
1183 3206 1267 3284 quie

163 3310 266 3349 eomno
284 3294 538 3371 expergieenntur,
560 3295 680 3373 qnaredo
694 3294 880 3354 osciobmdi
895 3312 1000 3351 menne
1014 3290 1192 3351 extendant.
1222 3293 1267 3350 itu

163 3376 228 3455 ille3
257 3394 295 3435 ex
315 3398 390 3455 quo,
420 3389 474 3437 eut
495 3400 533 3439 ex
553 3380 704 3441 communi
723 3380 845 3458 utrique
863 3379 1066 3456 antiquiorum
1086 3378 1267 3456 scriptorum

163 3461 244 3519 iente
252 3506 260 3537 ,
282 3462 345 3520 eine
360 3462 450 3523 dubio
464 3484 551 3525 sunm
569 3461 628 3527 boo
642 3468 709 3526 loeo
726 3467 904 3545 σκορδινιᾱν
915 3464 1111 3543 Pecbymeree
1124 3461 1267 3537 henserit,

165 3546 252 3604 etiem
270 3548 471 3607 extensionem
486 3569 628 3611 mennmn
650 3570 832 3625 memorem,
853 3570 943 3629 quem
958 3548 1167 3609 trucidationis
1178 3564 1268 3605 exer*

165 3630 275 3689 condes
289 3632 405 3711 signum
423 3634 551 3695 Meleeue
571 3636 621 3696 bio
642 3638 701 3696 euie
714 3637 876 3695 instituisse
891 3636 1011 3695 dicitnr.
1053 3652 1156 3714 perena
1171 3632 1269 3691 enine·

165 3714 234 3859 piper
260 3724 426 3793 quaestoris
456 3722 662 3783 credelitatem
690 3722 901 3802 epigramme
926 3723 968 3786 tt
992 3721 1061 3780 libri
1088 3723 1110 3783 7
1138 3716 1270 3777 madunt

194 3801 317 3863 ertialia.

248 3888 606 3973 σπονδαιοιριβεῖν
625 3888 729 3971 peel
745 3909 777 3953 v.
794 3894 825 3955 7.
861 3888 989 3950 verbum
1008 3881 1270 3967 σπονδοιοτριβιῒν

165 3970 230 4030 olibi
251 3992 312 4031 non
329 3975 437 4053 reperi.
479 3977 531 4035 sed
549 3977 659 4057 purtim
676 3990 715 4035 ex
733 3975 894 4055 originibne
915 3972 1072 4047 vocabuli,
1101 3972 1212 4051 purtim
1231 3991 1271 4032 ax

165 4066 311 4118 contextu
330 4060 404 4138 loci,
426 4062 499 4139 quid
520 4064 633 4123 voleret
651 4062 710 4121 boc
725 4059 792 4119 loeo
804 4058 956 4135 divinari,
977 4066 1015 4117 ut
1028 4066 1059 4116 et
1075 4058 1131 4116 secl
1149 4056 1220 4117 elim
1236 4058 1270 4117 in

165 4140 383 4221 ttestoeosttv,
406 4146 642 4230 ἔλπισοτρίβησις
658 4158 689 4207 et
703 4144 855 4207 similibus.

248 4232 403 4293 στασιίδ
411 4254 473 4295 ιον
494 4254 524 4313 p.
542 4238 602 4299 146
616 4252 647 4292 v.
663 4234 693 4299 4.
734 4242 780 4289 eet
792 4230 959 4292 erooelelsoe
971 4226 1142 4291 eubeellinm
1156 4236 1210 4285 aut
1222 4228 1271 4285 lo-

166 4312 248 4375 culus
255 4356 266 4391 ,
289 4314 321 4375 in
340 4334 400 4394 qno
415 4318 465 4379 vel
480 4318 665 4381 considentes
678 4318 728 4379 vel
746 4314 856 4376 stende
868 4313 1031 4377 innitentes
1045 4312 1271 4393 eoquiesoebeut
