3009 4900
300 309 375 380 832
558 361 562 367 .
600 305 836 380 ΟΜΝΗ.
859 305 1099 376 ramme.

461 475 538 534 nnat
556 472 763 553 bithynonam
782 485 895 536 turon
915 473 983 556 trapi
1001 474 1196 534 Ιιώϋοόω

461 558 569 620 duom
578 561 723 635 concilim
733 560 866 620 celeriter
875 571 981 620 natm
989 558 1425 641 cupa-umidffimwb

939 648 1041 704 'dna

464 731 541 790 vbis
560 734 617 812 qui
635 733 787 810 mimate
805 730 906 792 enlm
914 667 1073 794 vineatore

297 847 389 910 buiua
408 859 551 910 eventum
564 847 740 932 propbetiae
753 854 881 910 conatur
894 847 1029 909 Zoaimua
1044 845 1192 928 adaptare
1221 847 1343 907 aetati
1365 847 1432 906 tm

298 935 423 994 etantini
438 943 467 994 at
481 935 691 996 reatanrationi
705 944 796 1016 atque
811 933 1037 1016 amplificationi
1055 952 1111 1016 per
1130 954 1206 994 eum
1231 936 1359 994 sactae
1381 933 1433 1010 ny-

298 1019 398 1079 aantii.
443 1040 531 1098 qnam
548 1031 644 1096 recte,
666 1021 731 1102 ipae
748 1019 872 1080 viderit:
895 1040 955 1079 non
977 1021 1057 1080 euim
1082 1019 1154 1078 aetia
1178 1027 1346 1102 apparet
1369 1017 1433 1098 quii

297 1107 352 1164 iata
372 1108 484 1165 mentio
507 1105 652 1186 luporum
672 1105 854 1184 Bithyniam
876 1105 1085 1164 habitantium
1108 1123 1178 1164 cum
1203 1105 1436 1164 exornatione
1468 1153 1469 1164 ,

295 1191 481 1270 Byzantinae
498 1189 581 1251 urbia
595 1211 752 1252 commune
766 1189 882 1251 babent„
924 1191 1057 1250 dicamur
1072 1191 1219 1249 nonlicet
1235 1209 1435 1248 accomme-

297 1277 396 1336 datina
418 1276 456 1334 ad
478 1277 605 1355 apeciem
631 1279 717 1354 veri,
744 1297 798 1357 per
819 1275 962 1357 Sibyllam
988 1275 1095 1335 divine
1123 1273 1276 1334 afflatam
1303 1275 1433 1356 spirite,

297 1369 383 1420 tanto
404 1369 473 1420 aute
494 1361 541 1420 bia
564 1361 655 1421 suinae
678 1363 920 1444 praenuntiatum
943 1361 1042 1421 verbie
1059 1371 1199 1420 exortunr
1216 1359 1433 1420 Ottomanici

296 1443 413 1526 imperii
434 1467 450 1504 a
477 1447 679 1526 praedonibua
700 1445 796 1507 aridia
818 1455 848 1507 et
866 1447 969 1528 lupina
985 1447 1148 1506 voracitate
1165 1465 1203 1504 ac
1221 1445 1430 1506 crudelitate
1469 1453 1470 1484 t

294 1531 440 1612 praeditia
461 1529 493 1589 in
513 1531 657 1614 bithynia
677 1531 883 1604 fundati‚'cui
903 1553 962 1591 non
977 1531 1073 1592 mutto
1086 1539 1157 1612 poat
1174 1539 1339 1612 tempore
1359 1549 1429 1588 auc-

296 1615 437 1676 cnmbere
458 1614 578 1677 deberet
599 1617 782 1700 Byzantinaa
805 1617 889 1677 urbia
909 1617 1082 1697 imperanti·
1098 1617 1237 1698 potentia
1254 1623 1296 1676 et
1314 1615 1426 1696 apien-
1470 1637 1471 1692 i

297 1701 369 1777 dor,
388 1699 561 1766 barbaricae
583 1701 724 1783 deincep·
745 1703 899 1764 eervitutia
918 1703 1023 1780 iugum
1042 1700 1262 1781 gravissimum
1288 1712 1326 1760 et
1347 1721 1424 1782 pro-

292 1785 500 1848 broaieaimnm
521 1789 644 1849 laturae.
687 1789 793 1848 Graeci
814 1787 971 1870 Byzantiui
985 1786 1017 1846 in
1033 1806 1162 1868 poenam
1176 1785 1275 1868 impii
1297 1795 1333 1845 et
1351 1805 1422 1868 per·

294 1873 401 1932 tiuacn
425 1872 462 1932 ab
483 1873 604 1933 eceleaia
625 1873 756 1933 Romana
779 1877 913 1934 omnium
931 1881 1025 1932 metra
1043 1871 1113 1932 inde
1133 1891 1233 1952 neque
1260 1891 1280 1930 a
1310 1867 1416 1930 Photii

294 1957 481 2040 temponbua
501 1959 669 2018 continuati
686 1957 873 2035 acbiamatir,
896 1957 1003 2018 duram
1019 1979 1037 2015 a
1054 1956 1167 2016 Latini·
1182 1956 1416 2017 Conahntino-

292 2043 386 2124 polim
401 2063 455 2122 per
469 2063 565 2104 annea
577 2054 646 2104 octo
661 2063 753 2126 anpra
769 2043 983 2126 qninquaginta
996 2041 1206 2103 obtinentibus
1220 2043 1409 2102 eerritntem

291 2129 372 2210 paeni
391 2127 529 2208 inerant3
550 2149 589 2190 ex
611 2151 668 2210 qua
691 2129 853 2212 proiecine
873 2129 929 2189 viai
949 2135 1036 2206 aunt,
1059 2127 1131 2186 dum
1146 2147 1179 2186 ea
1195 2127 1328 2188 liberati
1349 2127 1409 2185 Ro·

291 2213 372 2272 mani
392 2235 487 2294 papae
507 2215 671 2295 primatum
694 2225 890 2296 agnoverunt.
932 2223 963 2273 at
982 2213 1034 2272 ubi
1055 2212 1202 2273 Micbable
1218 2213 1312 2274 istim
1328 2231 1403 2272 eun-

290 2299 410 2359 cordiae
430 2310 551 2360 auctore
567 2311 706 2378 mortuo,
727 2301 808 2362 filine
823 2301 888 2361 eiua
906 2295 1094 2359 Andronicus
1106 2298 1243 2378 pecaimo
1260 2297 1400 2370 coneilio,

290 2402 367 2463 quaa
387 2390 473 2463 pater
492 2384 686 2446 celeberrime
700 2383 1045 2461 atotueratreacindena,
1061 2403 1092 2442 ae
1107 2400 1243 2465 auoaque
1257 2385 1368 2444 iterum
1382 2401 1399 2440 a

289 2468 359 2526 aede
382 2466 461 2526 l'etn'
479 2472 696 2531 contumaciter
717 2472 853 2552 abrupit,
882 2470 982 2531 atatim
1003 2471 1050 2530 dei
1071 2466 1181 2531 ultoria
1204 2467 1394 2551 providentia

287 2551 460 2633 praeparari
483 2552 583 2632 eoepit
605 2562 635 2613 at
655 2552 765 2615 aeneim
781 2554 812 2613 in
828 2554 971 2635 Bithynia
993 2574 1186 2615 concrescere
1201 2552 1391 2614 Ottomanica

271 2635 451 2717 ‚tyranniaj
474 2658 569 2718 aqna
591 2636 666 2699 diria
683 2638 874 2700 continenter
899 2640 1037 2700 cladibua
1060 2638 1204 2719 flagellati
1223 2636 1383 2717 byzantini,

288 2742 359 2783 cum
377 2722 500 2783 minime
513 2724 723 2805 resipiscerent
739 2726 792 2788 aed
808 2726 900 2807 magii
917 2727 1069 2806 magisque
1080 2724 1114 2785 in
1126 2724 1239 2785 haeresi
1250 2744 1283 2782 ac
1298 2720 1384 2781 aehi-

290 2819 385 2869 amata
399 2806 645 2885 obiit-merentur,
667 2812 697 2871 vi
710 2810 830 2873 tandem
846 2832 933 2871 aaeva
945 2810 1061 2872 aubacti
1071 2808 1107 2869 ab
1123 2829 1187 2870 nno
1202 2830 1242 2870 ex
1255 2806 1382 2869 btmania

290 2895 513 2957 aucceaaoribua
533 2894 699 2956 blnhomete
712 2898 844 2957 aeenndo
853 2943 862 2975 ,
884 2918 963 2957 anno
977 2894 1045 2957 Chr.
1059 2895 1162 2973 1468,
1186 2892 1386 2977 captivitatem

289 2976 477 3061 Babylonica
497 2978 675 3041 ludaeorum
700 3001 735 3041 eo
754 2982 933 3059 tristiorem,
956 2978 1038 3063 qued
1063 2980 1176 3059 Cyrum
1199 2981 1322 3039 nullum
1338 2996 1386 3058 qn

291 3083 357 3123 eam
378 3064 478 3125 aolvat
499 3074 674 3145 expectant,
695 3064 834 3127 ducentii
850 3067 907 3126 iam
923 3074 952 3127 et
971 3064 1051 3145 quod
1065 3066 1199 3125 excurrit
1211 3066 1300 3126 annia
1313 3064 1387 3123 inie-

290 3146 425 3208 liciaaimi
444 3148 590 3226 tolerant,
610 3148 698 3211 iidem
720 3152 835 3233 ingenti
858 3172 915 3212 rue
937 3152 1024 3213 luctu
1043 3150 1212 3211 sancientes
1237 3147 1385 3233 Sibyllini,

290 3231 373 3312 quod
389 3236 563 3314 retulimua‚
585 3236 709 3296 oraculi.

373 3368 452 3429 Vlll.
494 3370 586 3431 aliut
599 3370 636 3431 de
649 3371 696 3431 hie
709 3370 850 3431 habemur
869 3370 1033 3453 anapicioni
1046 3369 1176 3430 fictionia
1190 3369 1317 3431 minime
1330 3368 1384 3429 ob-

287 3452 414 3513 noxium
435 3454 634 3533 vaticinium,
656 3457 767 3537 quippe
781 3455 862 3535 qnod
876 3458 907 3517 in
926 3478 1012 3516 ancre
1028 3464 1057 3515 et
1071 3456 1217 3515 canonico
1229 3456 1311 3515 libro
1327 3456 1385 3515 da-

285 3536 402 3598 riaaime
420 3535 554 3619 legatur,
575 3541 757 3621 Apocalypsi
780 3546 810 3606 S.
833 3542 962 3603 loanoia.
1004 3542 1034 3601 in
1056 3561 1089 3599 ea
1109 3541 1188 3602 Nori
1203 3538 1383 3601 Teatamenti

286 3622 463 3704 prephetia,
490 3634 593 3685 eventa
612 3628 827 3705 complectente
844 3628 1006 3709 praecipua
1027 3644 1126 3686 rernm
1147 3646 1223 3705 qnae
1244 3646 1263 3683 a
1277 3624 1383 3686 Christi

285 3708 505 3769 rerurrectione
525 3720 554 3770 et
574 3713 670 3792 prima
691 3710 868 3771 fundatione
890 3712 1033 3773 eccleciae
1045 3710 1081 3769 ad
1094 3710 1175 3770 banc
1196 3730 1293 3789 unque
1307 3712 1382 3771 diem

285 3792 334 3853 dei
353 3815 479 3873 regnum
498 3796 659 3857 attinentaa
683 3796 890 3877 contigerunt,
914 3805 1071 3876 postquam
1088 3798 1312 3875 persecutione·
1326 3797 1381 3857 iu-

180 3882 202 3936 P
217 3884 270 3941 cot
287 3888 456 3958 paratorum
476 3882 669 3942 adumbratio
686 3892 758 3942 aunt
778 3904 795 3942 a
816 3903 843 3943 c.
863 3886 902 3947 12
914 3882 952 3941 ad
966 3886 1026 3957 20,
1047 3880 1079 3940 in
1094 3878 1153 3941 bne
1165 3880 1225 3940 iam
1238 3902 1295 3961 per
1305 3901 1381 3961 aym⁴

283 3960 386 4025 bolum
406 3966 585 4045 alligationia
605 3970 730 4027 Satanae
744 3978 861 4047 tempua
878 3966 954 4027 illud
970 3967 1150 4027 deacribitur
1165 3987 1224 4045 quo
1239 3968 1380 4027 Constan-

283 4047 382 4124 fiune,
404 4052 485 4112 victe
499 4064 529 4113 et
541 4053 640 4113 occino
656 4052 769 4112 Licinio
783 4052 904 4131 imperii
919 4052 1043 4111 Romani
1061 4052 1147 4130 plene
1160 4062 1284 4131 potent,
1305 4050 1378 4110 libe·

281 4133 436 4195 taliuimia
458 4146 488 4197 et
505 4139 590 4218 quaai
608 4136 840 4219 triumphalibua
862 4137 966 4197 edicti·
986 4137 1160 4213 religionem
1183 4136 1378 4197 Christianam

282 4218 400 4277 atuduit
411 4240 527 4285 ornare.
551 4224 609 4283 nn
626 4224 725 4283 edicta
736 4221 904 4284 renitantur
915 4222 953 4283 ab
967 4222 1092 4283 Euaebio
1106 4224 1128 4287 l.
1141 4228 1163 4287 2
1174 4222 1213 4283 de
1226 4224 1289 4283 vita
1304 4223 1379 4280 Con-

284 4302 424 4378 etantini,
445 4324 503 4367 eo.
518 4308 561 4374 26
575 4308 614 4368 ad
627 4312 680 4375 60.
708 4309 743 4369 in
755 4308 864 4371 horum
875 4329 936 4371 uno
954 4306 1033 4385 (tria
1050 4306 1131 4369 enim
1143 4302 1235 4390 aunt)
1243 4350 1255 4387 ,
1276 4324 1380 4389 nempe
