3009 4900
478 335 557 405 ΗΒ.
580 333 621 405 Il.
673 333 830 403 NOTAE.
1013 351 1020 373 ·
1129 336 1203 407 ’163

61 519 229 562 manum
249 517 325 560 vero
341 498 433 580 stirpe
450 497 555 573 luisse,
575 495 670 559 lilium
683 497 806 560 llicerdi
819 496 911 559 flori.
952 499 1033 562 unde
1054 509 1086 560 et
1105 501 1204 582 ipsum

63 585 255 646 eloacam
267 585 389 644 Florum
402 583 601 662 cognominet.

182 690 222 730 v.
237 673 286 735 10.
306 667 489 728 Pharendue
511 671 631 733 ultime.
673 665 725 726 hie
738 685 812 727 vero
827 667 1059 744 nomastico·
1072 678 1117 730 est
1129 670 1205 728 Fer·

68 755 219 815 roudus
234 755 392 831 Ximenea,
413 753 458 814 uti
476 774 530 812 nos
549 752 636 812 docet
645 753 752 812 Petrue
767 748 1009 814 d'Oultremanua
1019 755 1098 814 libro
1111 755 1204 815 modo

69 839 239 916 laudato,
260 849 413 900 auctorem
425 840 520 898 citans
534 837 724 912 Monoedam,
744 837 797 920 qui
808 848 839 897 et
849 838 939 918 paulo
955 840 1093 915 interius,
1114 838 1204 914 o.14,

72 925 264 986 memorati
280 923 487 1004 uPaohymere
500 922 645 983 I'errsudi
661 942 677 981 e
691 923 797 1001 Cyzico
810 941 941 982 roceum
956 925 1099 984 meminit.

183 1030 222 1090 p.
242 1007 305 1076 391
320 1031 353 1068 v.
370 1011 400 1073 8.
429 1007 618 1068 Theoderico.
644 1007 740 1086 egitur
753 1007 803 1066 hio
815 1008 878 1067 aine
892 1006 985 1068 dubio
1001 1009 1038 1068 de
1052 1009 1206 1070 Friderioo

75 1093 270 1172 Arogonio,
291 1094 375 1154 euius
391 1101 427 1153 ut
440 1101 541 1154 noster
558 1092 688 1154 balbutit
699 1092 732 1152 in
747 1093 882 1168 nomine,
902 1094 944 1154 ita
957 1095 990 1154 in
1000 1114 1106 1173 genere
1116 1115 1204 1176 pero-

78 1180 253 1260 grinatur.
282 1187 347 1239 eret
362 1178 439 1238 enim
450 1186 535 1257 gente
548 1177 705 1258 Hispanus,
719 1197 781 1237 non
795 1177 978 1256 Germanum
996 1188 1029 1240 et
1040 1200 1102 1242 nou
1116 1179 1205 1242 um-

78 1265 175 1326 fredi
189 1282 296 1344 nepos,
318 1263 371 1324 sed
383 1263 464 1323 Petri
478 1263 554 1344 regis
567 1263 730 1341 Aragorrim
743 1262 834 1327 filius.

55 1419 59 1425 ,
184 1369 219 1409 v.
241 1349 292 1414 16.
312 1351 507 1408 Eenterinam
524 1349 672 1408 manullo
685 1343 745 1406 sibi
756 1351 870 1423 junxit.
898 1347 1019 1427 quando
1034 1347 1203 1409 I'ridericus

84 1455 165 1496 oum
179 1433 292 1493 Corolo
311 1453 378 1513 rege
392 1433 527 1513 Neapolis
547 1453 647 1512 pacem
669 1433 739 1492 iecit
754 1451 877 1512 samque
898 1433 1042 1494 affinitate
1060 1434 1202 1509 firmavit,

86 1541 178 1580 enno
194 1518 309 1578 Christi
328 1523 423 1593 1802,
447 1537 506 1598 qua
530 1519 567 1576 de
588 1538 622 1578 re
643 1517 788 1578 hocloco
808 1518 919 1596 agitur,
941 1517 1110 1580 fridericus
1130 1519 1203 1598 ipse,

87 1626 159 1665 non
172 1607 241 1665 eius
252 1604 356 1678 frater,
371 1604 460 1663 duxit
472 1623 598 1664 uxorem
609 1624 670 1662 non
685 1603 872 1662 Eceterinem
885 1604 938 1663 sed
951 1605 1128 1664 Eleonoram
1142 1605 1201 1662 Ca-

88 1690 153 1750 roli
172 1689 287 1763 filiam,
306 1698 399 1768 prout
414 1709 453 1748 ex
466 1689 595 1748 eiusdem
610 1687 753 1748 Fridsrici
765 1688 891 1769 publicis
910 1689 1005 1748 literis
1022 1690 1101 1749 dotis
1119 1689 1200 1767 apud

90 1775 240 1835 Castrum
252 1774 370 1834 Novum
387 1793 465 1834 enno
476 1773 546 1834 Chr.
562 1779 658 1848 1802,
678 1773 785 1833 mensis
796 1773 923 1851 Augusti
933 1774 982 1832 die
997 1778 1047 1849 19,
1067 1775 1105 1831 ob
1116 1773 1199 1832 Ode-

92 1861 161 1920 rico
177 1859 338 1938 Raynaldo
356 1859 389 1918 in
411 1876 446 1918 eo
467 1857 575 1918 Annali
592 1858 747 1937 descriptis
769 1867 896 1918 constet.
937 1859 992 1918 sed
1011 1857 1130 1919 videtur
1142 1858 1200 1916 I's-

96 1943 258 2024 chymeres
274 1944 306 2004 in
325 1941 384 2003 hoc
403 1942 522 2002 errandi
539 1944 719 2004 occasionem
741 1944 899 2024 sumpsisse
919 1963 958 2003 ex
975 1962 1012 2003 so
1026 1943 1108 2022 quod
1120 1963 1199 2002 anno

96 2029 171 2091 Chr.
187 2030 270 2095 1296
288 2037 451 2088 tractatum
467 2029 566 2089 lueret
587 2027 771 2092 connubium
784 2028 929 2090 Friderici
948 2028 1037 2088 huius
1056 2048 1125 2092 cum
1143 2028 1201 2086 Co-
1256 2059 1264 2072 ·

95 2112 229 2190 thetim,
243 2131 281 2172 ex
294 2113 355 2172 lilio
368 2114 444 2193 regis
457 2114 555 2174 Caroli
567 2112 751 2193 Neapolitani
767 2124 798 2174 et
812 2113 970 2188 Balduino‚
985 2113 1038 2191 qui
1052 2115 1200 2172 Consmn-

99 2197 335 2276 tinopolitsuum
353 2199 509 2277 imperium
525 2199 679 2272 amiserat,
699 2207 780 2260 nata.
820 2198 853 2258 id
871 2199 1093 2258 matrimonium
1106 2196 1200 2257 veho-

99 2291 220 2344 menter
241 2283 362 2362 nrgebat
378 2284 545 2344 Bonifatius
560 2283 627 2344 VIII
643 2285 729 2347 Ilom.
750 2291 850 2362 pont,
871 2284 957 2342 cuius
974 2283 1075 2364 plures
1093 2281 1131 2342 ‹Ie
1147 2282 1200 2341 illo

102 2377 279 2451 argumento
294 2368 393 2428 literas
406 2369 513 2428 recitat
525 2367 672 2428 Odoricus
686 2367 726 2427 ad
741 2368 827 2428 illum
842 2387 964 2428 ennom.
1005 2387 1066 2427 uon
1083 2386 1201 2426 nicoea-
1306 2395 1320 2410 -

103 2456 144 2515 sit
158 2464 260 2514 temen
281 2454 444 2533 negotium,
471 2464 502 2513 et
519 2454 569 2514 ille
583 2453 741 2514 catherina
758 2452 866 2514 deinde
885 2454 988 2533 nnpoit
1006 2454 1113 2513 Carolo
1127 2452 1201 2511 Phi-

103 2542 177 2621 lippi
190 2540 264 2619 rogis
275 2540 458 2599 Francorum
470 2541 566 2617 scetii,
587 2560 667 2601 anno
680 2538 751 2600 Chr.
764 2543 855 2604 1801.
897 2538 981 2619 quod
993 2539 1091 2617 ipsum
1105 2538 1202 2597 alieno

104 2626 179 2701 loco,
199 2634 291 2706 prout
305 2626 403 2685 obiter
422 2625 574 2701 audierat,
597 2626 678 2689 viana
696 2633 741 2683 est
754 2643 984 2684 commemorem
997 2622 1203 2702 Pachymeres,

106 2707 1202 2875 llloettllzltllc‘lil:&llllttllzltllhtl’

110 2900 175 2941 cum
187 2878 325 2939 sancitam
339 2901 417 2940 enno
429 2881 539 2940 Christi
560 2883 651 2953 1302,
676 2897 744 2937 eum
756 2877 817 2935 iam
827 2897 906 2936 enno
918 2874 1065 2955 superiori
1076 2875 1201 2935 Carolus

110 2968 197 3026 frater
214 2966 288 3044 regie
306 2965 446 3024 Franciee
459 2972 596 3024 evocetur
608 2963 641 3021 in
651 2962 770 3022 IteIiem
789 2982 807 3019 a
824 2961 980 3042 pontifice,
1001 2970 1038 3020 ut
1051 2960 1157 3019 Cerolo
1173 2959 1201 3017 II

110 3050 169 3129 regi
180 3050 312 3129 Neapoho
327 3050 469 3112 adversus
484 3048 668 3109 Friderioum
684 3046 812 3107 Sioihsm
827 3056 1022 3127 occupantem
1038 3046 1200 3105 auxiliare-

111 3148 175 3212 tur,
194 3134 366 3197 conciliante
386 3136 450 3215 ipso
472 3132 622 3194 Bonilecio
644 3132 867 3193 matrimonium
886 3134 999 3192 iniisset
1019 3152 1088 3190 oum
1108 3130 1199 3189 modo

111 3229 264 3281 memoratu
277 3220 451 3297 catherina,
471 3222 619 3299 imputato
633 3220 665 3278 in
680 3218 782 3279 dotem
796 3217 911 3297 imperii
923 3214 1198 3294 Constantinopoli·
1213 3221 1236 3273 Ρ
1254 3221 1305 3273 519

114 3308 172 3367 teni
187 3308 284 3382 titulo,
306 3306 346 3366 ed
358 3306 439 3385 quod
455 3304 612 3364 Catlierina
627 3304 675 3363 ius
692 3324 708 3362 e
722 3312 809 3383 potre
821 3301 968 3362 trahebat.
1009 3310 1115 3361 namot·
1124 3300 1201 3359 heeo

114 3394 225 3451 Ioannes
236 3391 379 3453 Villanius
391 3392 412 3450 l.
426 3394 446 3455 9
459 3411 486 3450 c.
504 3388 573 3455 105.
612 3389 733 3449 Iordani
744 3398 913 3468 temporum
925 3388 1045 3447 illorum
1056 3384 1201 3462 historici,

118 3478 191 3536 ouius
203 3496 275 3555 opus
290 3496 336 3535 ms
348 3486 484 3535 servatur
498 3475 531 3535 in
544 3474 724 3534 bibliotheca
737 3474 880 3534 Vaticana
896 3476 1029 3548 n.1960,
1050 3473 1088 3531 de
1099 3470 1157 3531 heo
1166 3490 1201 3530 re

116 3562 197 3621 verbe
212 3562 284 3621 hren
303 3562 410 3621 recitat
433 3560 669 3640 diligentissimus
685 3559 836 3619 Odoricus
847 3558 1021 3638 Raynaldus
1036 3578 1116 3616 anno
1130 3555 1201 3616 Chr.

118 3650 187 3711 1301
206 3666 234 3707 n.
258 3647 312 3713 15:
346 3658 468 3705 mortno
498 3648 624 3727 coniuge
655 3645 763 3704 Caroli
792 3645 913 3722 (freteio
937 3644 1014 3723 regis
1036 3641 1202 3718 Francioe)

118 3730 196 3792 duxit
212 3731 428 3807 Collatinum,
454 3733 506 3789 cui
523 3733 575 3789 ius
594 3732 715 3809 imperii
735 3726 1066 3808 Genetantipopols'tom'
1079 3726 1204 3785 debebo.

119 3827 169 3877 tur.
206 3814 270 3875 ideo
293 3838 364 3875 cum
383 3818 503 3877 Venetis
525 3818 696 3895 composuit
707 3836 769 3895 pro
789 3814 1126 3893 Cooetorsts'nopolitono
1147 3815 1203 3868 inn

115 3905 189 3981 perio
202 3900 417 3980 recuperando,
440 3912 467 3959 et
481 3904 562 3961 venit
577 3902 709 3960 Romam
721 3900 872 3978 110001,
894 3911 922 3957 st
936 3922 957 3956 a
965 3920 1055 3978 popa
1068 3898 1204 3974 Bonoso·

120 3990 159 4043 cio
175 3988 327 4065 hessorifice
343 3998 498 4065 euaceptne
512 3988 647 4045 vicariae
662 3997 690 4043 et
703 3984 842 4064 defensor
854 3986 993 4044 eccleciae
1005 3985 1203 4040 conetitus'tur

121 4081 168 4129 etc.
204 4072 271 4131 sotis
289 4092 380 4151 porro
399 4071 555 4132 verisimile
573 4081 618 4130 est
632 4071 773 4131 Carolum
789 4072 894 4143 istum,
915 4069 1001 4128 simul
1016 4066 1204 4126 Catherinam

122 4154 205 4231 duxit,
217 4158 372 4235 sumpsisse
382 4156 505 4217 titulum
517 4156 704 4235 imperatoris
718 4152 1204 4231 Constantinopolitani,·mllatum

123 4239 168 4318 ipsi
185 4262 199 4297 o
218 4242 358 4320 pontifice
375 4260 515 4301 coronam
531 4242 711 4322 imperialem
733 4242 761 4299 ei
778 4241 937 4302 tribuente.
979 4238 1012 4297 io
1033 4238 1134 4296 soltem
1150 4237 1202 4295 in-

124 4346 199 4385 nuere
212 4326 351 4387 videntur
366 4325 415 4386 ille
431 4326 570 4387 continue
587 4328 743 4388 subiuncta
763 4326 860 4386 nostri
879 4324 985 4386 verba:
1008 4344 1097 4405 qoem
1113 4341 1202 4403 popo
1229 4368 1233 4375 .
