3009 4900
363 303 441 372 rm.
462 299 521 374 ut.
560 303 929 374 canonoaoorcos.
1078 302 1195 395 „aar

19 493 142 536 cum
167 471 319 533 vidimus
325 507 335 548 ,
360 470 457 552 liquet
476 469 559 534 istud
576 469 639 532 eine
657 469 783 532 exilium
799 469 1083 534 auuuodiuturuiua
1094 473 1197 554 luisse,

26 559 244 640 siquidem
264 557 427 638 postillam
442 559 605 618 consecrati
625 557 712 636 penis
726 557 863 638 corrupti
878 558 991 638 reperti
1004 559 1197 638 mentionem,

28 663 155 726 quae
173 653 256 704 ante
273 646 471 703 narrationem
490 643 690 704 revocationis
705 641 811 718 Vecci,
831 642 986 719 ordinem,
1006 652 1042 703 ut
1060 655 1195 725 apparet,

15 771 16 774 η
38 740 246 808 gestarum
276 747 377 788 rerum
408 747 547 806 sequena,
576 727 729 788 interemit
753 727 931 802 historicus,
965 728 1081 807 aliquot
1108 731 1197 790 saeue

37 815 240 874 meusium
255 821 374 894 tempus
391 812 590 894 expleverint,
610 831 717 892 nempe
731 811 890 872 debellatio
905 811 1086 892 Scytharum
1100 835 1128 876 c.
1142 819 1196 890 29,

15 941 17 976 ζ
44 909 220 959 conatus
246 898 435 979 imperatoria
459 899 498 958 ad
521 899 664 958 lectiones
686 897 829 958 ecclesiae
847 899 1070 978 componendae
1091 921 1121 961 c.
1141 903 1194 976 30,

46 985 262 1066 reportatio
275 985 308 1042 in
319 985 424 1044 urbem
436 984 628 1064 reliquiarum
645 982 831 1062 patriarchae
843 981 961 1043 dreami
972 1003 998 1043 c
1012 987 1071 1060 31,
1092 985 1193 1045 cledea
1209 988 1232 1046 Ρ
1248 988 1297 1046 565

15 1125 18 1151 ,
50 1069 337 1129 Christianorum
356 1069 388 1126 in
406 1068 492 1148 Syria
514 1089 566 1129 aeu
580 1068 698 1128 initium
714 1067 815 1128 bellio
831 1069 956 1128 Saltana
968 1069 1128 1148 Rabylonis
1139 1071 1197 1130 La·

54 1155 158 1214 tinia
176 1152 371 1214 Antiochiam
386 1153 533 1234 Tripolim
548 1162 578 1212 et
588 1153 802 1215 Ptolemaidem
815 1153 987 1212 tenentibus
1000 1154 1089 1233 illati,
1108 1157 1195 1216 cuius

57 1240 189 1300 secuti
210 1237 363 1320 posteriue
375 1237 475 1298 ultimi
488 1247 612 1298 eventus
627 1260 645 1298 a
656 1249 761 1300 nostro
776 1258 833 1318 per
845 1239 1068 1320 occupationem
1080 1260 1194 1300 memo·

15 1320 17 1324 ’
59 1335 202 1387 ranam
222 1345 249 1388 c.
265 1327 327 1396 δῖ,
348 1323 476 1402 denique
488 1322 651 1384 eec'nndum
668 1323 893 1384 matrimonium
910 1324 1075 1385 Andronici
1093 1326 1195 1406 irnpe-

59 1409 224 1480 ratoria,
253 1408 291 1470 da
305 1425 365 1487 quo
378 1427 406 1469 c.
420 1415 472 1475 33.
513 1407 561 1468 his
584 1409 702 1470 cunctis
724 1407 967 1488 circumspectis,
986 1409 1070 1468 haud
1082 1419 1194 1470 temere

63 1494 267 1556 videbimur
294 1493 444 1554 affirmare
473 1495 674 1554 evocationem
690 1483 785 1554 Vacci
804 1493 896 1554 Prusa
915 1494 1095 1574 Byzantium
1113 1515 1194 1555 enno

64 1579 207 1640 Christi
231 1579 314 1646 1284
335 1577 416 1638 circa
439 1599 569 1642 mensem
589 1579 700 1640 blaium
721 1579 880 1639 luniumve
897 1581 1073 1660 contigisse,
1092 1580 1193 1661 ipsum

63 1686 164 1728 vero
185 1664 305 1744 synodo
324 1673 399 1722 tunc
417 1663 519 1723 habita
543 1665 733 1742 damnatum,
753 1665 791 1724 eb
808 1663 991 1745 imperatore
1008 1665 1120 1726 trmna
1139 1666 1193 1726 diu

70 1759 205 1811 conato
223 1769 291 1809 eum
309 1747 347 1808 ad
371 1751 471 1829 partes
487 1748 621 1827 trahere,
641 1748 674 1808 in
691 1748 856 1809 cuetodiam
870 1749 947 1810 arcia
962 1772 979 1808 a
994 1753 1104 1810 Sancto
1119 1751 1194 1810 Gre

71 1835 178 1914 gorio
204 1834 377 1894 nominatae
399 1835 561 1912 traditum,
593 1835 675 1915 quod
697 1835 751 1894 sub
776 1835 868 1894 finem
895 1853 923 1895 c.
948 1837 990 1900 36
1019 1834 1107 1895 docet
1131 1835 1192 1895 1³·-

72 1922 261 2001 chymeres.
302 1918 377 1980 haec
395 1919 509 1980 iaciunt
528 1919 578 1980 ne'
588 1919 723 1980 assentiri
744 1921 855 2002 possim
874 1917 1005 1980 Heurico
1017 1919 1191 2001 Spondano,

74 2007 168 2066 dum
180 2005 269 2064 Vacci
281 2002 516 2083 damnationem,
537 2005 593 2066 sub
604 2023 695 2086 quarn
704 2005 892 2086 mancipatae
902 2013 949 2066 eat
959 2005 1090 2082 careni,
1110 2025 1192 2065 anuo

75 2090 206 2152 Christi
218 2093 300 2155 1288
311 2089 426 2152 tribuit.

179 2174 216 2233 V.
260 2175 395 2234 Peratitit
415 2175 535 2254 quidem
559 2173 676 2236 Veccrra
698 2194 796 2254 usqua
816 2172 855 2234 ad
875 2182 1001 2234 mortem
1016 2172 1050 2232 in
1065 2193 1099 2232 ea
1116 2173 1194 2234 arcia

81 2259 376 2336 San-Gregorianae
395 2261 546 2338 custodie,
568 2261 619 2321 aed
646 2261 821 2321 conditione
846 2279 910 2319 non
936 2279 1055 2341 semper
1079 2259 1193 2320 eadem.

83 2365 166 2406 nam
182 2345 269 2404 initio
287 2345 443 2405 durissime
454 2344 579 2406 habitus*
592 2356 638 2406 eet
649 2345 682 2405 iu
696 2365 811 2407 summe
824 2344 946 2425 inopie,
967 2344 1031 2404 aine
1042 2343 1105 2404 ulla
1119 2365 1194 2424 pro-

84 2430 213 2493 visione
238 2431 472 2491 necessariorum
493 2431 531 2491 ad
550 2430 673 2493 victum.
716 2430 781 2491 eiua
792 2428 977 2491 incommodi
988 2429 1193 2491 laxamentum

87 2515 219 2595 aliquod
239 2515 359 2593 quondo
379 2526 410 2576 et
432 2516 584 2596 quomodo
603 2518 769 2598 acceperit,
790 2517 906 2576 indicat
925 2515 1023 2577 obiter
1040 2517 1111 2577 loco
1129 2536 1194 2575 non

89 2622 153 2662 eno
178 2599 390 2679 Pachymeres,
412 2602 450 2660 ad
471 2602 582 2662 calcem
605 2603 695 2663 modo
715 2602 873 2663 memorati
894 2620 920 2659 c.
939 2601 999 2677 35,
1025 2621 1094 2661 oum
1115 2602 1158 2661 ait
1175 2622 1194 2659 a

90 2686 303 2768 proficiscente
325 2687 359 2746 in
383 2687 535 2748 Orientem
563 2688 725 2748 Athanasio
747 2688 807 2745 iarn
828 2696 930 2745 creato
952 2685 1141 2764 patriarcba,
1164 2694 1195 2744 et

91 2774 207 2832 fretum
231 2772 268 2830 ed
288 2772 497 2851 Helenopolim
513 2772 694 2847 traiiciente‚
717 2772 843 2831 mierum
864 2789 901 2828 ex
925 2768 1032 2828 itinere
1046 2770 1078 2843 iu
1093 2786 1192 2827 arcem

94 2860 127 2918 S.
148 2856 279 2931 Gregorii
296 2876 434 2933 maguum
451 2856 648 2935 logothetam,
671 2856 721 2935 qui
734 2856 832 2915 Vecco
846 2862 968 2913 centnm
983 2873 1105 2927 aureos,
1126 2852 1193 2911 hie-

94 2942 248 3001 liteuiotae
264 2942 478 3021 quinquaginta
494 2942 665 3010 donaverit,
685 2939 849 3000 Metochita
870 2938 1022 2999 sociorum
1035 2936 1127 2999 Vecci
1140 2935 1192 2995 el-

96 3036 165 3087 tero
182 3026 237 3083 iam
253 3036 338 3086 antea
353 3036 477 3107 propter
489 3028 626 3087 morbum
640 3026 672 3085 i‘n
685 3025 809 3085 domum
823 3023 978 3104 propriam
991 3023 1095 3083 relato.
1136 3022 1192 3081 in·-

96 3112 290 3188 vestigeorus,
314 3112 340 3171 ai
355 3132 411 3192 qua
427 3132 601 3191 possumus,
625 3112 711 3171 iatiua
724 3119 824 3189 gestae
836 3112 881 3169 rei
894 3119 1024 3188 tempor.
1060 3125 1191 3170 succee-

98 3197 141 3257 sit
156 3196 293 3273 Gregorio
307 3198 417 3277 Cyprio
431 3198 464 3257 in
483 3197 813 3277 Constantinopolitano
832 3192 1034 3275 patriarchrtu
1050 3191 1191 3250 Athana·-

98 3282 178 3357 eiue,
197 3302 249 3341 nec
270 3284 370 3342 statim
390 3304 425 3342 ac
445 3284 531 3341 nullo
555 3284 725 3360 interregno
750 3280 849 3341 medio
868 3276 1018 3339 succeseit.
1059 3276 1191 3355 primum

98 3366 192 3444 igitur
209 3366 370 3427 videndum
385 3368 530 3447 quamdiu
541 3368 702 3447 Gregorius
716 3367 750 3425 in
763 3364 833 3427 sede
846 3361 1026 3447 perstiterit,
1049 3370 1114 3420 tum
1129 3378 1190 3438 quo

100 3452 171 3511 inde
183 3451 336 3511 intervallo
353 3452 497 3514 suffectua
515 3454 574 3534 ipsi
595 3454 687 3515 luerit
703 3450 883 3512 Athanasius
887 3497 898 3527 ,
919 3455 1072 3529 poatremo
1085 3444 1191 3525 proie-

102 3536 207 3597 ctionia
224 3534 314 3597 huius
331 3538 363 3597 in
379 3538 532 3599 Orientem
546 3548 674 3619 tempor.
715 3536 847 3617 primum
864 3535 948 3614 qnod
967 3532 1076 3591 attinet
1082 3530 1192 3626 ,Gre-

103 3621 200 3701 gorius
225 3620 256 3679 in
283 3620 474 3685 abdicatione
498 3620 602 3684 throni
626 3624 738 3701 scripto
759 3639 917 3701 expressa,
950 3634 1025 3696 quae
1045 3620 1193 3709 recrtptur

105 3727 135 3786 p.
153 3710 209 3772 130
222 3726 249 3769 v.
263 3711 320 3783 20,
343 3710 385 3769 ait
405 3730 437 3769 ae
457 3730 552 3771 annos
575 3729 629 3769 aex
649 3717 678 3768 et
699 3706 781 3785 quod
801 3704 937 3765 excurrit
955 3702 987 3760 in
1006 3714 1195 3792 possesarone

106 3789 316 3869 patriarchatus
330 3793 514 3873 perduraree.
556 3794 667 3855 creatio
679 3790 771 3851 huius
784 3801 814 3850 et
827 3784 1026 3865 inauguratio,
1045 3779 1193 3859 capitibua

106 3876 173 3935 libri
190 3875 349 3953 priorie14
367 3889 399 3939 et
414 3882 455 3947 15
469 3888 602 3955 narrata,
626 3878 767 3955 contigit,
787 3884 825 3934 nt
841 3873 906 3931 illic
926 3867 1079 3935 innuitur,
1101 3864 1193 3943 paulo

107 3969 174 4041 post
187 3960 296 4039 losephi
312 3974 455 4037 mortem,
478 3984 566 4044 quam
576 3962 722 4041 superiori
735 3960 835 4040 capite
848 3949 1120 4013 demonstravitum
1134 3947 1193 4007 tub

109 4044 219 4105 initium
232 4045 327 4107 Martii
344 4070 423 4110 anno
439 4048 548 4109 Christi
567 4052 649 4114 1283
662 4046 804 4107 evenisse.
846 4038 955 4097 initum
975 4052 1066 4113 porro
1081 4052 1098 4090 a
1112 4032 1196 4093 Gre-

110 4128 186 4205 gorio
199 4130 427 4209 patriarchatum
441 4144 509 4193 ante
524 4133 655 4192 medinm
671 4130 799 4209 Aprilis,
822 4122 904 4198 cogit
925 4117 1090 4193 affirmare,
1110 4118 1195 4195 quod

110 4210 255 4274 1¹5⁸¹⁰ri⁰1¹⁸
276 4238 306 4297 p.
320 4218 361 4285 48
380 4222 444 4283 nb
466 4226 626 4290 memoret,
647 4217 719 4275 leria
745 4214 805 4269 iam
826 4217 892 4264 tum
916 4201 1048 4261 secunda
1068 4204 1196 4264 maiori·

111 4294 298 4364 hebdomata
327 4302 419 4366 fuisse
442 4302 585 4385 Cyprium
604 4300 637 4361 in
659 4301 750 4382 plena
769 4288 959 4375 poaaeaaione
980 4285 1196 4370 patriarchelia
