3009 4900
378 326 456 400 uu.
477 329 536 402 lll.
574 329 945 404 OERONOLOGICUS.
1134 331 1209 407 823

66 504 164 580 post
191 493 360 559 victorious
374 493 421 564 46
435 495 567 556 deditsm
582 497 712 558 Gesssno
728 498 821 559 luisse
839 491 946 560 urbesn'
959 498 1133 565 llemsscum
1144 547 1154 579 ,
1164 455 1208 563 lin

23 550 29 676 l
69 604 151 663 ⁴1¹¹·
170 584 333 642 cmm·
346 581 529 662 Pmsessttffll
546 603 604 662 pro
618 601 650 642 ιο
665 584 770 662 Syrise
787 603 855 644 cum
875 595 960 664 perte
978 587 1125 647 exercitus
1136 589 1209 648 reli-

23 724 30 763 ι
70 668 165 749 spuit
181 667 352 747 quemdem
366 668 472 727 ducem
485 669 667 728 &moenum
677 669 715 728 ed
731 689 763 728 ee
776 690 793 727 s
805 671 929 730 Sultene
941 673 1137 750 transfugam,
1152 693 1207 732 no.

71 754 182 813 mine
206 752 397 834 Cepcskum3
419 752 469 811 cui
484 752 569 811 dedit
581 753 614 812 in
631 755 779 814 mendatis
795 763 828 814 ut
841 757 864 814 si
883 755 1046 816 Christiani
1062 758 1098 816 sb
1116 759 1208 820 Occi-

23 812 29 851 Ι
74 839 195 898 dente
213 838 375 912 venirent,
395 837 436 896 eis
459 838 577 918 Syrism
596 839 736 903 trsdsret.
779 840 831 898 sed
855 859 923 899 cum
939 841 1076 924 Europos
1089 843 1208 923 princi·

23 980 28 1023 ,Ι
75 941 148 1004 pes
166 924 223 984 ire
237 923 311 982 illuo
325 931 378 982 sut
392 924 544 984 exercitus
563 924 682 982 mittere
701 924 918 1001 neglexissent,
948 925 1105 1007 Gspcskus
1118 929 1207 988 rebus

24 1060 25 1063 ,
79 1008 160 1068 suis
179 1007 363 1083 consulens,
383 1007 540 1087 impetrate
553 1029 570 1064 s
584 1009 707 1068 Sultene
720 1009 877 1086 trsnsiugii
897 1010 1004 1087 venie,
1031 1013 1145 1092 Syrium
1162 1013 1209 1072 illi

81 1104 217 1154 rursus
233 1092 368 1174 expulsis
379 1092 511 1157 Ter-teris
523 1091 659 1153 subiecit.
701 1093 774 1152 lseec
790 1093 947 1174 lythonus
959 1095 996 1156 ds
1009 1096 1067 1157 hec
1083 1099 1209 1175 expedi-

23 1160 27 1195 *
84 1177 207 1252 tione3
230 1179 309 1256 guse
327 1196 417 1255 qusm
431 1177 494 1238 sint
504 1187 704 1250 cousentsnes
718 1179 838 1238 truditis
855 1199 874 1238 s
888 1181 1096 1242 continustore
1110 1183 1209 1242 Abul-

23 1246 26 1337 ἶ
85 1261 246 1343 piiss-egit
261 1281 301 1322 ex
315 1261 476 1331 colistione
488 1272 581 1342 petet
607 1265 717 1322 etenim
729 1265 812 1343 spud
826 1263 1030 1346 huuclegitur
1045 1268 1208 1346 Aegyptios

24 1356 26 1367 '
89 1346 214 1408 audito
237 1346 361 1407 &senis
383 1346 466 1414 sbitn
486 1367 621 1408 reversos
643 1351 674 1405 in
695 1349 814 1428 Syriam
838 1349 946 1426 luisse,
976 1361 1005 1410 et
1020 1353 1158 1432 (iepcslto
1172 1351 1207 1410 in

24 1418 26 1453 ³
91 1441 211 1512 pes-tes
231 1452 337 1493 eorum
354 1440 546 1508 ersmeunss,
577 1433 719 1498 Tsrtsros
732 1434 785 1528 gui
796 1445 882 1494 erent
902 1437 934 1502 in
952 1435 1038 1516 Syrie
1054 1457 1087 1495 es
1101 1437 1207 1496 relicte

24 1530 25 1541 ¹
93 1516 134 1576 iss
155 1518 319 1578 Orientem
337 1517 543 1595 contendisse,
571 1528 603 1578 et
623 1514 800 1592 Demsscum
819 1519 930 1580 iterum
944 1520 977 1580 in
990 1519 1210 1604 Aegyptiorum

24 1620 25 1625 ’
95 1602 291 1683 potestistem
309 1601 443 1677 rediisse.

192 1689 278 1748 xtx.
321 1689 409 1748 Anno
423 1686 549 1764 Hegirse
561 1691 634 1765 700,
655 1687 740 1746 cuius
752 1687 872 1747 initium
884 1687 944 1764 luit
956 1687 1019 1750 dies
1035 1699 1136 1761 sextus
1151 1688 1209 1751 de-

101 1774 206 1834 cimus
224 1769 408 1852 Septembris
423 1773 457 1830 in
476 1767 556 1838 endo
577 1768 662 1832 seres
684 1771 796 1832 Christi
813 1773 946 1852 vulgetis
964 1777 1057 1848 1800,
1076 1773 1206 1860 Cesepes

101 1857 274 1919 secundem
297 1857 515 1938 expeditionem
534 1858 624 1917 duxit
639 1859 672 1916 in
695 1858 828 1937 Syrism,
853 1859 897 1918 sit
911 1857 1103 1926 continuator
1117 1860 1209 1926 stul-

103 1943 264 2024 plseregiis
284 1943 338 2002 sed
354 1963 421 2003 cum
441 1942 536 2003 tribus
556 1943 677 2006 circiter
697 1943 849 2002 mensibus
868 1943 900 2002 in
921 1943 1025 2015 lislobi
1039 1941 1204 2007 ditionibus
1222 1947 1244 2015 Ρ-
1260 1948 1313 2028 697

105 2029 307 2104 substitisset,
326 2047 361 2087 re
374 2027 486 2088 iniecta
497 2027 609 2087 iterum
622 2048 654 2086 se
665 2027 820 2088 subduxit.
845 2028 888 2087 its
899 2028 963 2092 ille.
1007 2029 1045 2087 sd
1058 2027 1118 2096 hoc
1131 2038 1209 2089 tem-

105 2133 167 2194 pus
181 2113 321 2192 equidem
336 2111 494 2174 retulerim
512 2113 594 2191 quod
615 2113 720 2191 scribit
741 2111 947 2192 Eschymeres'
962 2114 1028 2173 loco
1044 2133 1132 2194 ssepe
1144 2107 1210 2174 iue-

108 2207 228 2258 morsto
244 2197 283 2256 de
296 2198 410 2256 Cesum
423 2197 470 2262 his
480 2197 596 2273 serbis:
617 2209 744 2257 vassmu
758 2201 834 2277 quio
852 2201 944 2258 ιὲίαυι
955 2198 1130 2278 Aegyptum
1143 2199 1208 2258 clu-

110 2281 224 2362 desque
234 2283 303 2340 iilic
318 2282 478 2343 Arubibue
491 2304 552 2342 nors
570 2284 647 2342 leves
659 2285 808 2359 inferens,
832 2283 920 2362 longe
931 2284 1079 2362 pluribus
1093 2295 1120 2342 et
1130 2303 1208 2364 gro-

62 2405 76 2428 s
111 2367 250 2429 rioribus
262 2370 329 2434 eine
340 2367 435 2430 dubio
447 2366 572 2442 dumosis
582 2369 655 2426 ilios
673 2367 840 2448 afflicturus
848 2365 862 2443 ,'
879 2371 997 2445 nisisi,
1019 2389 1055 2428 ne
1062 2380 1219 2448 penetra-,

113 2465 157 2512 ret
170 2455 318 2530 interius,
338 2454 476 2524 iocorum
489 2457 592 2512 crenis
605 2456 698 2513 inviis
711 2465 740 2511 et
751 2452 854 2533 aquus
870 2455 1012 2533 inopibus
1024 2455 1093 2513 iate,
1101 2457 1210 2533 squei-

115 2540 240 2597 lentium
255 2539 475 2617 insuperabilis
484 2537 659 2617 difficultas
672 2539 846 2598 obstitisset.
886 2538 1030 2613 hactenus
1044 2539 1210 2619 Pechyme-

114 2644 178 2699 rm
197 2624 277 2685 uude
288 2624 363 2686 licet
372 2624 522 2704 suspicsri
532 2626 583 2684 vel
595 2626 693 2702 ipsum
707 2625 852 2682 Csssnem
866 2623 918 2683 vel
927 2634 1039 2703 portem
1052 2624 1116 2685 eius
1125 2644 1209 2685 exor-

116 2710 208 2785 citus,
227 2708 294 2789 ipso
308 2709 391 2789 spud
403 2708 548 2779 Helebusn
568 2710 691 2780 interim
711 2717 863 2781 morante,
888 2707 1054 2787 Aegyptum
1068 2716 1209 2783 tentesse,

118 2803 148 2853 st
163 2794 201 2853 ob
212 2794 457 2874 impedimentum
474 2804 668 2859 momontum
685 2802 794 2872 coepto
807 2790 963 2853 obstitisse.
1003 2793 1102 2851 refero
1118 2790 1208 2863 etiem

119 2878 157 2938 sd
173 2877 251 2938 lssuc
265 2878 427 2950 secundem
445 2878 665 2958 expeditionem
686 2876 740 2935 ills
762 2874 837 2953 quoe
857 2877 950 2955 psulo
967 2874 1105 2956 superius
1126 2876 1208 2937 idem

120 2962 310 3043 Pechymeres
321 2964 449 3039 dixeret,
458 3035 461 3042 ¹
470 2983 578 3043 nempe
594 2963 745 3028 oasam
757 2962 977 3039 Hierosolymis
986 2960 1137 3020 hostiliter
1149 2960 1210 3019 od.

121 3059 230 3107 neotum
237 3068 355 3127 porum
368 3050 504 3126 absisisse
518 3048 558 3107 ab
573 3048 645 3107 urbe
657 3046 718 3105 illu
729 3057 836 3122 tanta,
858 3049 910 3105 cui
924 3047 1037 3105 &uas
1053 3046 1210 3115 cunutu-

121 3137 168 3193 nis
178 3146 290 3213 ereptus
302 3132 534 3210 dominabatur,
555 3130 770 3213 expugnando.
813 3135 855 3191 its
866 3132 936 3210 ille,
957 3132 1043 3210 longe
1060 3124 1210 3192 verisimi-

120 3220 177 3279 lius
193 3238 279 3298 qusm
292 3219 413 3297 quidem
436 3219 535 3278 Latini
551 3219 714 3298 scriptores
733 3218 817 3275 citsti
835 3215 873 3274 sb
893 3216 1024 3289 lie'nrico
1044 3214 1210 3309 Spondeno,

123 3305 153 3363 in
170 3304 391 3365 continustioue
406 3304 565 3367 duueliurn
579 3303 703 3365 Berouii
727 3300 799 3363 snni
822 3299 934 3361 Christi
955 3304 1036 3365 1500
1057 3320 1086 3359 n.
1103 3308 1131 3377 t,
1155 3302 1209 3378 qui

125 3388 202 3449 siunt
216 3398 290 3449 tunc
305 3410 323 3446 e
334 3389 462 3449 Cesseno
482 3379 840 3466 ffimosolyrisumfus'sss
853 3398 992 3466 coptum,
1012 3397 1041 3447 et
1054 3388 1154 3471 gaoris
1164 3386 1208 3443 io·

126 3478 166 3532 cie
179 3494 290 3553 magua
303 3478 493 3537 veneratione
508 3477 643 3533 visitatis
664 3475 846 3532 restauratis
867 3484 896 3531 st
912 3470 1042 3549 dotum,
1062 3466 1209 3544 hubiiuss-

127 3556 193 3617 dass
209 3580 379 3618 concessum
404 3560 592 3620 Christianis
608 3561 751 3619 Armerds
775 3559 958 3638 Georgiuus‘s
977 3560 1161 3636 caeterisque
1173 3574 1218 3613 su·

131 3644 217 3726 Cypro
237 3655 265 3703 st
280 3644 407 3703 latebris
430 3645 670 3715 consolantibus.
719 3646 788 3703 nsm'
808 3643 842 3703 id
848 3654 869 3715 ,'
887 3642 913 3719 si
931 3642 1003 3721 rere
1022 3640 1208 3721 contigisset,

129 3748 184 3787 uon
193 3728 311 3789 ridetur
329 3738 380 3789 eut
403 3731 541 3809 ignorsre
553 3730 689 3811 potuisse
707 3722 863 3808 lythonui
875 3738 950 3789 tunc
961 3728 1085 3801 vivens,
1107 3734 1160 3785 sut
1173 3722 1208 3786 iu

129 3812 239 3873 historie
250 3814 288 3875 de
303 3813 350 3873 his
367 3815 581 3895 scripte'silere
595 3814 743 3887 voluisse,
765 3814 799 3873 in
813 3833 871 3893 qus
884 3822 983 3871 temen
997 3811 1073 3870 nihil
1082 3811 1142 3869 tsle
1155 3828 1208 3868 re-

130 3900 241 3978 peritur.
281 3919 362 3959 suno
385 3900 495 3961 dehinc
511 3900 635 3979 liegirse
648 3902 713 3963 702
728 3900 838 3979 (pergit
858 3896 1096 3977 iupplsmentum
1110 3894 1209 3955 ebul-

131 3982 261 4062 phsrsgii)
280 3977 408 4045 &senes
428 3984 527 4066 copies
549 3986 581 4042 in
596 3985 714 4063 Syriam
734 3984 815 4043 misit
829 3982 904 4042 duce
919 3980 1011 4041 Kotlu
1025 3979 1121 4056 delio,
1144 3980 1209 4038 sive

132 4077 161 4127 ut
176 4067 364 4146 Ptthymeres
387 4080 492 4147 vocet,
520 4068 769 4146 Chutluclseimo;
797 4067 913 4147 primus
934 4066 998 4125 dies
1024 4064 1112 4124 istius
1137 4063 1208 4123 enni

132 4151 239 4231 llegirse
252 4158 316 4219 702
331 4155 390 4215 suit
406 4156 565 4217 vicesimus
581 4165 685 4215 sextus
705 4152 816 4221 merigis
838 4151 965 4229 Augusti
980 4150 1013 4209 in
1032 4168 1110 4210 enno
1123 4168 1209 4210 soree

133 4246 234 4298 nostres
245 4238 378 4317 vulgetis
393 4246 487 4306 1302.
528 4260 567 4299 ex
579 4240 628 4301 isis
643 4260 720 4321 quse
732 4240 825 4297 refert
838 4238 875 4297 de
886 4234 990 4296 morbo
1006 4235 1128 4297 &senis
1137 4235 1209 4295 diu-

135 4332 208 4385 tsuuo
226 4322 437 4405 Pechymeres,
462 4344 581 4389 necmse
599 4333 644 4389 ost
660 4324 761 4386 dicere
775 4323 834 4384 ism
849 4334 913 4384 tum
929 4322 1016 4382 illum
1030 4330 1204 4403 segrotesse,
