3009 4900
369 313 449 384 uu.
471 311 530 383 111.
582 311 953 386 cnaouoaoelcus.
1139 317 1216 394 857

40 471 157 567 ἓξὲξ
207 469 340 572 ssffi:
358 471 484 572 Ἢ*
518 477 717 543 mathematis
725 481 808 544 illins
819 483 1222 568 scriptoexpressarn3quod

213 572 339 672 nappin-4
359 627 484 674 “wei
518 567 662 712 aens-ruptum
680 567 790 668 accipit
812 570 887 669 feria
906 577 1003 649 sexta,
1023 571 1174 672 incidente
1188 577 1222 675 in
1340 607 1345 616 ·

52 735 175 802 1304
263 672 297 722 11
398 741 443 804 n
517 671 788 809 [namma
806 675 935 736 prunam
956 675 1065 720 mensas
1085 656 1221 740 Augusti.

362 814 475 862 ΠΜ
559 821 751 886 Andronicus
771 825 866 886 aerbo
880 824 1050 890 admonitos
1068 826 1223 909 episcopor

395 876 437 950 <1¹
518 907 557 969 de
577 909 721 971 sumu·
740 931 759 970 a
775 912 888 973 Ioanne
905 913 1223 976 excommunicationis

517 993 645 1055 vinculis
660 997 694 1056 in
713 1015 766 1057 eos
780 997 935 1058 intentatis
955 999 1008 1078 qui
1024 997 1222 1063 Athanasium

515 1081 676 1142 restituere
686 1084 721 1142 in
734 1082 974 1164 patriarchatum
985 1084 1107 1162 vellent,
1130 1085 1168 1145 de
1180 1086 1221 1145 il-

515 1165 574 1226 lins
584 1169 774 1248 promotione
789 1169 952 1232 deliberare
962 1171 1046 1232 iubet
1058 1189 1221 1252 congrega-

389 1267 393 1278 ‘
515 1260 563 1310 tos
573 1251 605 1312 in
618 1254 732 1334 templo
743 1257 795 1320 SS.
807 1255 1029 1338 Apostolorum.
1070 1255 1104 1316 id
1117 1256 1161 1317 illi
1172 1258 1221 1317 fe-

515 1347 623 1398 cerunt
635 1339 753 1400 infinite
766 1339 940 1404 altercando
953 1349 1020 1403 toto
1032 1340 1156 1402 sabbato
1169 1361 1220 1402 se-

514 1433 626 1501 quente
642 1435 674 1486 et
687 1427 930 1488 antemeridianis
943 1425 1026 1488 horis
1043 1427 1219 1507 dominicae,

514 1527 590 1588 quae
603 1511 662 1571 tuit
676 1511 739 1571 dies
755 1517 797 1579 23
809 1514 917 1574 mansis
936 1513 1066 1576 eiusdem
1081 1515 1219 1593 Augusti,

514 1595 600 1654 cuiue
615 1596 680 1676 ipso
695 1596 821 1658 meridie
836 1597 1044 1674 Andronicus,
1065 1597 1218 1660 intellecto

512 1697 568 1759 per
580 1699 665 1757 suos,
686 1702 762 1761 quos
779 1683 811 1744 id
825 1684 982 1764 explorare
996 1685 1133 1763 iusserat,
1155 1705 1214 1746 an-

513 1765 624 1826 tistites
641 1767 674 1828 in
688 1769 833 1830 factiones
848 1769 957 1854 scissos
965 1789 1129 1848 numquam
1142 1790 1217 1830 eon·

513 1860 659 1912 venturos
673 1855 857 1916 unanimiter
876 1855 974 1918 videri
995 1855 1028 1916 iu
1043 1856 1216 1916 restitutio-

512 1955 582 1996 nem
589 1936 751 2018 Athanasii,
762 1942 915 2021 proiectus
928 1942 967 2003 ad
981 1939 1130 2019 synodum
1142 1939 1217 2002 inde

512 2041 614 2083 aecum
632 2025 739 2107 arripit
756 2027 909 2108 episcopos
923 2027 976 2108 qni
990 2023 1152 2086 Athanasio
1166 2027 1216 2087 ia-

512 2110 641 2186 rebsnt,
662 2120 694 2170 et
712 2131 783 2172 eum
799 2111 857 2172 illis
872 2112 911 2172 ed
923 2111 1119 2172 Athanasium
1140 2131 1216 2192 pre-

512 2193 620 2256 cedens
644 2193 728 2256 hunc
756 2197 968 2279 pontificaliter
989 2206 1129 2258 ornatum
1151 2197 1217 2278 ipsu

511 2279 602 2360 pedes
616 2281 673 2340 sub
691 2282 918 2360 flagrantissimo
931 2283 992 2344 sole
1009 2281 1048 2343 ad
1064 2281 1216 2344 aeclesiam

510 2365 651 2444 perducit
669 2376 702 2426 et
713 2368 746 2428 in
760 2367 982 2448 patriarchatus
1003 2369 1217 2453 possessionem

510 2450 638 2512 udone
679 2452 777 2518 llic.
788 2460 818 2519 7.

552 2536 680 2597 Micheil
700 2539 853 2619 Augustus
880 2539 980 2601 iunior
1004 2538 1087 2621 apud
1115 2538 1215 2619 Pegas,

510 2642 571 2701 quo
587 2640 620 2682 se
640 2634 812 2704 receperat,
833 2644 872 2685 ex
892 2624 960 2684 diro
972 2626 1079 2685 morbo
1091 2625 1214 2705 pericli-

509 2716 592 2767 tatus
607 2726 663 2787 ope
676 2708 816 2789 deiparae
830 2709 1020 2769 convalescit.
1055 2710 1075 2771 l.
1091 2709 1113 2773 6
1128 2715 1214 2775 c.10.

552 2792 733 2851 Rontsarins
757 2812 827 2852 cum
848 2792 909 2851 suis
931 2792 1053 2871 ingressi
1072 2794 1215 2873 Cyzicum

510 2872 608 2934 diram
621 2874 663 2934 ibi
678 2876 871 2954 tyrannidem
885 2886 1034 2939 mereant.
1067 2876 1154 2944 tue.
1163 2878 1214 2944 14.

551 2958 676 3019 loannes
690 2962 815 3021 Batataa
828 2962 899 3023 olim
911 2962 1074 3044 imperator
1087 2974 1214 3047 apparet

509 3044 679 3105 custodiens
692 3046 887 3126 Magnesiam,
908 3048 1009 3131 etqui
1028 3066 1097 3109 sum
1117 3049 1213 3127 videt,
1249 3054 1255 3067 '

509 3138 599 3191 antea
618 3138 721 3192 mutus
739 3133 882 3213 loquendi
903 3134 1076 3195 laenitatem
1096 3134 1212 3217 recipit.

507 3215 563 3281 tu
579 3236 606 3277 c.
623 3221 673 3283 16.

551 3302 698 3362 Cusum
707 3300 916 3364 Tocharorum
928 3303 1127 3375 Orientalium
1145 3306 1211 3366 Ka-

508 3388 563 3447 nin
576 3386 766 3449 Andronicus
788 3388 953 3469 imperator
977 3388 1033 3451 sibi
1052 3392 1211 3453 contiliare

509 3474 614 3534 studet
627 3474 733 3535 oblatis
750 3472 828 3533 liliae
844 3474 974 3555 nuptiis,
994 3496 1052 3556 qua
1066 3476 1117 3537 ille
1134 3498 1211 3538 con-

510 3558 623 3620 ditione
639 3567 724 3639 grate
741 3569 876 3641 accepta,
898 3562 997 3622 edicto
1014 3562 1099 3623 iubet
1119 3563 1211 3625 duces

509 3644 651 3706 barbsroa
669 3646 839 3706 Romanum
859 3647 1017 3729 imperium
1036 3648 1212 3709 infestantes

509 3731 547 3790 ab
560 3730 677 3791 iniuriis
689 3750 812 3808 cessare,
828 3734 1019 3813 comminans,
1032 3734 1064 3795 ni
1075 3742 1212 3815 pareant,

508 3835 541 3876 se
553 3816 621 3877 illos
633 3817 724 3877 armis
736 3836 952 3897 repressusum.
993 3817 1015 3881 l.
1028 3820 1048 3885 5
1062 3839 1089 3879 c.
1103 3824 1153 3885 16.

549 3902 681 3963 (laeteris
692 3903 819 3985 satrapis
834 3922 942 3982 parurn
956 3902 1028 3963 istas
1046 3904 1142 3965 minas
1154 3924 1211 3966 cu-

506 3988 662 4065 rantibus,
690 4009 771 4050 uuue
793 3988 874 4048 Aleis
892 3988 928 4049 iis
954 3998 1055 4053 monn
1074 3989 1210 4052 indutias

507 4072 652 4150 quasdam
669 4074 832 4155 paciscitur
847 4094 916 4135 cum
937 4074 1137 4156 praesidiariis
1152 4098 1211 4137 nr-

506 4156 553 4218 bis
564 4160 718 4238 Sardium,
738 4182 757 4219 a
771 4160 879 4240 quibua
894 4160 1058 4221 adinventa
1072 4162 1210 4223 Romano

507 4242 584 4304 duce
604 4246 775 4326 primicerio
795 4246 881 4306 aulae
893 4246 1005 4307 Alsidis
1026 4248 1128 4329 copiae
1147 4248 1211 4309 eir-

364 4370 369 4379 ·
505 4332 1115 4412 cumseutse,internecionesuntdoletes.
1135 4333 1208 4397 ibid
