3009 4900
245 309 319 381 272
557 304 733 375 GEORGII
759 246 1026 371 Pacflrmmub

245 475 305 544 oo’t
321 467 362 560 ῆν
389 472 469 552 ὅλως
493 482 563 552 ταῖς
583 480 648 541 τῶν
666 470 827 557 Ῥωμαίων
855 469 1022 557 δυνάμεσιν
1043 470 1167 539 εάοδεῖν.
1221 468 1275 537 dni
1296 499 1346 541 τοι

245 586 347 645 ταῦτα
359 580 410 645 καλ
426 580 460 644 ἐν
476 576 688 665 Θεσσαλονλιιῃ
701 574 720 643 ὅ
735 576 908 662 στρατηγὸς
930 572 1110 659 καθήμενος
1123 568 1275 660 εἰργάζετο
1289 578 1347 660 μέν

210 687 235 740 0
249 684 301 749 ιιαλ
315 680 375 768 ἀφ’
388 678 501 747 ἑαυτοῦ
515 679 558 747 τά
571 683 723 748 δοκοῦντα
737 679 817 766 πρὸς
828 676 1039 765 ἀνταγύνισιν,
1067 676 1153 762 ὅμως
1164 675 1201 743 δ’
1219 678 1252 744 ia
1265 686 1347 746 παλ-

245 791 310 854 λῶν
325 779 543 870 ἀπογινώσκων
557 782 681 870 ἀνδρῶν
695 782 819 850 αἶἰιοθεν
835 779 1023 868 ὡρμημένων
1036 782 1250 869 περιέσεσθαι,
1276 780 1345 864 ἅμα

246 913 280 955 τε
292 882 525 975 προβαινόντων
539 889 590 953 καλ
603 884 671 970 ἅμα
685 882 831 973 θηρεύειν
844 882 977 968 ἐχόντων
989 885 1029 951 τὰ
1049 883 1129 952 rosei
1144 880 1250 971 dripere
1264 901 1368 971 προ-5

246 991 385 1075 κείμενα,
411 990 464 1056 διδ
486 997 588 1058 ταῦτα
605 992 658 1056 καλ
674 986 741 1056 ’τῶν
764 984 914 1057 ταιούτων
929 984 1164 1074 ἀπογινώσκων,
1196 991 1346 1066 σπονδαῖς

245 1097 307 1161 mol
317 1100 461 1181 χρῆσθαι
474 1092 601 1179 πέμπων
617 1088 815 1175 συνεβούλευε
835 1098 880 1182 τῷ
893 1098 1075 1180 κρατοῦντι,
1098 1094 1149 1157 καλ
1161 1097 1281 1173 μᾶλλον
1293 1093 1345 1157 καλ

246 1203 310 1265 τῶν
326 1198 516 1284 ἀνατολικῶν
531 1196 726 1280 κακουμένων
740 1192 803 1261 sind
817 1202 874 1281 τῆς
886 1201 949 1263 τῶν
963 1200 1097 1282 Περσῶν
1111 1196 1277 1283 ἐπιδρομῆς
1294 1197 1346 1260 καὶ

244 1296 420 1389 χργζύντων
435 1306 491 1383 τῆς
506 1300 612 1383 ἱκανῆς
627 1296 831 1385 ἀντιλήψεως.
882 1296 919 1365 τό
933 1323 966 1364 τε
981 1298 1118 1375 σπονδὰς
1133 1297 1346 1381 ἀποτεμνομέ-

210 1412 236 1465 1)
251 1428 325 1481 νσυς
341 1399 503 1491 εἰρηνεύειν
525 1405 577 1469 καλ
598 1408 721 1486 βασιλεῖ
737 1404 789 1467 καλ
804 1406 843 1489 τῇ
856 1404 925 1488 περλ
938 1400 1033 1469 odedu
1047 1407 1146 1489 βουλῇ
1164 1400 1261 1467 καλὸν
1272 1398 1386 1476 ddi-10

247 1532 292 1573 κει
311 1508 362 1572 καλ
382 1512 445 1573 τῶν
462 1509 642 1573 καλλίστων.
694 1504 730 1572 τὸ
749 1506 784 1571 δὲ
804 1511 861 1571 τοῦ
877 1501 1042 1592 βαρβάρου
1064 1497 1146 1587 ἦθος
1167 1503 1293 1571 εύιιολσν
1307 1502 1345 1571 ἀν

246 1608 325 1695 πρδς
341 1612 484 1677 σπονδῶν
499 1605 658 1694 συγχύσεις
669 1604 804 1675 διαλύων
817 1608 928 1675 αὐτίκα
952 1609 986 1674 ἐκ
1005 1604 1157 1692 τυχούσης
1171 1607 1272 1683 αἰτίας
1286 1606 1344 1692 ’τῆν

247 1708 392 1796 ὁμόνοιαν
407 1708 599 1782 ύπιύπτευον.
651 1709 757 1798 dycta
776 1712 922 1794 βασιλεὺς
944 1710 1343 1795 κάνταῦθαπαιεῖνπρααι-

245 1811 394 1903 ρούμενος
408 1818 441 1894 ἔξ
460 1807 503 1883 ὧν
525 1815 659 1903 ἀρίσειεν
680 1814 720 1882 ἀν
736 1818 787 1880 καὶ
808 1820 898 1905 τῷγε
914 1811 1037 1901 δμοριΐν
1051 1812 1168 1898 ἔχοντι,
1194 1810 1344 1899 ἠβούλετο

244 1921 296 1985 καλ
311 1918 384 2004 μετ’
403 1920 517 1987 ἐκείνου
532 1916 575 1995 ὥς
588 1914 654 1985 οἷόν
667 1943 701 1984 τε
714 1917 857 2005 εάσρκεΐν.
893 1917 938 2002 μὴ
951 1918 1056 2001 μέντοι
1069 1942 1102 2003 γε
1118 1916 1254 2005 ἀρνδσιιν
1267 1918 1344 2004 πρὸς
1353 1932 1385 1987 15

206 2029 231 2085 lt
247 2024 349 2089 πίστιν
363 2022 420 2106 τῆν
432 2029 488 2089 τοῦ
502 2022 623 2109 Σέρβου
638 2022 867 2106 παλιμβσυλλαν
883 2023 917 2086 ἔκ
928 2026 991 2087 τῶν
1006 2022 1148 2087 δυνατῶν
1163 2020 1276 2108 ἔκρινεν
1287 2018 1344 2085 ἀλ-

247 2132 328 2207 λως,
356 2125 381 2192 ἀ
398 2125 442 2209 μῆ
458 2122 544 2211 κῆδει
554 2132 599 2216 τῷ
609 2126 689 2192 κατδι
705 2121 804 2211 γάμον
818 2124 986 2192 συνδέαιτα.
1039 2123 1151 2202 ἐκεῖνος
1167 2122 1200 2190 δ’
1218 2121 1277 2208 εἶχε
1288 2124 1344 2209 τῆν

247 2235 305 2295 τοῦ
329 2234 465 2316 Τερτερῆ
489 2232 523 2295 ἐκ
542 2236 599 2314 τῆς
619 2235 675 2297 τοῦ
693 2228 787 2295 Ἀσάν
811 2227 948 2316 ἀδελφῆς
961 2227 1139 2315 θυγατέρα,
1167 2228 1274 2312 λαβὼν
1286 2224 1342 2293 ἀπ’

313 2373 341 2428 9.
359 2374 494 2437 σπονδαῖς
510 2373 540 2431 Ρ.
645 2375 685 2428 12.
703 2370 865 2429 διαλύσεινδ
968 2372 1009 2428 15.
1026 2372 1072 2442 γε]
1091 2372 1144 2443 γὰρ
1160 2372 1191 2428 Ρ.’

243 2491 420 2562 peragebant3
442 2491 534 2564 quibui
550 2492 609 2547 ideo
625 2491 755 2548 Romenus
771 2493 899 2546 exercitus
916 2491 973 2546 uuis
990 2493 1111 2547 collectus
1128 2491 1220 2548 castris
1236 2497 1264 2546 et
1279 2511 1343 2565 qua-

242 2562 319 2614 drata
335 2577 436 2633 semper
451 2562 593 2632 procedens
617 2563 674 2617 acie
697 2563 765 2616 baud
782 2563 885 2615 valebat
908 2579 1054 2630 occurrere,
1069 2562 1244 2632 grasseutibus
1261 2564 1344 2616 maui-

242 2629 349 2752 pnlatim
365 2639 412 2684 aut
427 2633 556 2686 turmatim
577 2648 626 2702 per
650 2631 707 2686 loce
727 2631 787 2684 inde
808 2631 945 2702 longinqua
969 2637 997 2684 et
1013 2635 1068 2685 lere
1084 2633 1150 2685 avia.
1185 2641 1344 2702 quapropter

269 2699 443 2755 bessalouicae
460 2701 558 2755 Glabes
575 2699 689 2754 residens
704 2700 767 2754 nibil
781 2700 825 2753 ille
841 2701 942 2770 quidem
956 2702 1090 2756 omittebat
1103 2701 1172 2771 qnod
1187 2705 1275 2770 posset
1289 2702 1345 2754 uti·

242 2768 305 2821 liter
321 2771 417 2823 consuli
432 2771 465 2825 ad
483 2771 617 2824 tuitionem
633 2770 804 2823 Romanorum
819 2769 922 2836 finium,
947 2771 993 2823 sed
1010 2771 1081 2824 abire
1097 2770 1182 2824 omnia
1198 2769 1225 2822 in
1241 2769 1344 2823 irritum

241 2837 332 2891 videus
349 2839 505 2911 desperabat
611 2839 716 2909 reprimi
736 2841 847 2962 impetus
870 2839 1012 2908 latronum,
1034 2839 1079 2924 qui
1096 2845 1201 2894 artato
1216 2839 1346 2892 irruentes

242 2905 270 2958 in
287 2907 432 2976 contiguam
448 2925 494 2977 pra
528 2927 569 2962 am
590 2909 616 2962 iu
640 2925 701 2963 suns
724 2926 753 2962 se
779 2911 883 2964 atebrus
901 2909 986 2962 onusti
1002 2909 1174 2980 recipiebant,
1197 2908 1347 2978 priusquam

240 2973 359 3028 iudicium
376 2977 524 3046 irruptionis
540 2978 653 3048 ipsorum
677 2985 723 3031 aut
738 2979 850 3032 facultas
865 2977 918 3032 ulla
934 2978 1115 3048 praevertendi
1132 2995 1218 3032 euram
1234 2978 1347 3047 impetus

241 3042 305 3096 satis
321 3050 422 3099 mature
437 3047 584 3101 haberetur.
619 3047 725 3118 scripsit
749 3065 813 3117 ergo
837 3048 870 3100 ad
894 3047 1074 3117 metatorem
1091 3065 1140 3101 non
1156 3047 1223 3101 aliud
1239 3047 1289 3101 sibi
1306 3047 1347 3099 ri-

242 3111 299 3164 deri
319 3111 378 3166 bnic
401 3113 517 3168 adbiberi
542 3132 619 3187 posse
640 3120 706 3170 malo
727 3117 865 3170 remedium
890 3133 966 3186 quam
989 3116 1163 3171 conventionis
1187 3133 1218 3170 ne
1234 3115 1347 3170 foederis

243 3197 299 3233 oum
316 3183 393 3238 orcle.
427 3183 494 3237 idem
517 3189 653 3254 praeterea
669 3202 776 3255 poscere
799 3193 895 3239 statum
912 3193 1072 3255 praesentem
1087 3185 1226 3240 orientalis
1246 3185 1345 3252 limitis,

242 3249 380 3303 Persarum
401 3250 589 3307 incursionibus
609 3255 706 3307 vastati
728 3271 761 3308 ac
778 3254 876 3338 magnus
896 3255 999 3308 auxiliis
1020 3255 1133 3326 egentis,
1156 3271 1223 3325 quae
1245 3255 1345 3322 absque

241 3318 343 3372 sancita
359 3338 416 3374 cum
433 3323 523 3376 serbis
538 3339 604 3394 pace
619 3323 720 3376 omuino
744 3323 831 3393 colligi
853 3325 967 3408 expediri
986 3341 1019 3377 ue
1042 3343 1073 3378 eo
1089 3330 1224 3394 nequeant.
1258 3321 1346 3375 conal-

241 3385 303 3440 lium
319 3388 397 3444 facile
412 3391 554 3460 probarunt
570 3391 710 3461 imperator
727 3399 755 3445 et
771 3393 790 3446 ii
807 3401 871 3462 quos
887 3409 915 3446 m
940 3393 957 3446 d
983 3395 989 3406 “
1024 3393 1166 3476 rationibus
1190 3391 1345 3476 adhibebatp

241 3465 660 3584 llltlllmlrllzffllllll
675 3461 1117 3600 illnlldlllddli
1133 3462 1347 3584 iiiiafiimi

243 3611 295 3664 que
318 3599 443 3652 mauritan
467 3616 499 3652 ao
522 3597 596 3669 quiea
620 3601 770 3669 populorum
793 3609 890 3672 posset.
927 3608 956 3654 at
979 3617 1055 3671 quam
1076 3607 1183 3671 paratur
1204 3600 1347 3670 imperator

244 3669 301 3716 arat
317 3667 350 3719 ad
368 3668 455 3722 statim
471 3668 631 3722 tractandum
648 3669 714 3722 boue
736 3669 789 3724 lide
813 3677 865 3724 tam
881 3670 1049 3724 necessariam
1066 3669 1245 3740 tranquillitati
1261 3668 1346 3740 publi-

243 3749 290 3785 cae
306 3753 362 3790 cum
379 3739 452 3792 hoste
468 3737 552 3791 vicino
570 3741 597 3790 et
614 3739 715 3808 potenti
732 3757 835 3810 pacem,
862 3747 914 3794 tam
937 3740 1047 3808 cogebat
1065 3757 1121 3792 eum
1138 3746 1252 3793 metuere
1269 3755 1302 3790 ue
1317 3737 1346 3790 id

242 3800 340 3858 trustra
356 3811 470 3861 tentaret
490 3815 553 3860 nota
576 3806 729 3861 instabilitas
744 3809 839 3875 Sorbi,
863 3809 935 3878 proni
959 3809 991 3862 ad
1016 3811 1170 3862 mutationes
1193 3806 1301 3859 hominis
1317 3813 1346 3860 et

242 3867 398 3929 desultoriae
420 3877 448 3930 in
469 3874 597 3929 contraria
616 3875 739 3932 levitatis.
773 3876 912 3932 artioribus
933 3877 1012 3947 igitur
1033 3895 1089 3931 enm
1112 3876 1161 3931 sibi
1183 3877 1347 3944 adstringen-

243 3935 303 3989 dum
319 3942 352 3994 ad
369 3944 444 4000 fidem
468 3945 596 4000 amicitiae
612 3946 753 3998 constantis
769 3964 845 4018 quam
869 3947 1011 4016 vulgarium
1028 3946 1221 4001 conventionum
1236 3944 1366 4018 vinculis.

243 4012 325 4073 retus,
341 4017 403 4066 tuno
418 4021 518 4069 mutum
535 4014 584 4069 sibl
603 4020 700 4068 certum
716 4017 774 4068 tore
789 4016 885 4070 socium
903 4017 995 4070 cralem
1012 4016 1182 4082 existimavit,
1200 4017 1223 4069 si
1240 4015 1302 4068 date
1320 4014 1347 4066 ei

243 4093 259 4129 e
277 4081 494 4150 consanguinitate
518 4101 566 4138 suu
581 4083 690 4152 coniuge
706 4084 804 4138 civilem
822 4091 954 4156 pectorum
979 4085 1160 4154 obligationem
1182 4086 1250 4138 nodo
1273 4082 1346 4136 velut

242 4146 352 4219 quodam
368 4151 468 4204 tortiori
485 4153 620 4222 religiosas
635 4153 829 4206 necessitudinis
846 4172 891 4225 per
907 4154 1047 4224 nuptialem
1065 4153 1217 4208 affinitatem
1235 4153 1347 4206 adstrin-

242 4217 335 4298 xisset·
366 4218 449 4273 crales
470 4227 555 4274 αολεω
581 4222 631 4276 etsi
648 4221 781 4292 coniugem
798 4223 849 4276 iam
865 4223 967 4278 tertiam
988 4223 1017 4276 in
1039 4224 1204 4278 contubernio
1223 4223 1345 4286 iubebat

243 4285 380 4358 expeditus
398 4291 484 4342 tamen
505 4291 540 4346 ad
561 4284 642 4347 nobas
658 4293 760 4362 unpu'as
777 4291 857 4347 videri
874 4298 991 4361 poterat,
1008 4292 1127 4364 quoniam
1145 4294 1193 4348 acc
1209 4292 1265 4346 eius
1282 4307 1346 4346 cou-
