3009 4900
326 322 386 390 DE
410 318 663 392 anonomco
686 321 969 391 PAMEOLOGO
995 323 1029 392 1.
1044 323 1116 392 Vll.
1199 321 1275 396 623

168 519 234 577 τες,
262 489 306 571 ὥς
320 491 472 570 εδδίκτιος
484 494 536 559 καλ
549 491 639 559 ἄλλοι
652 495 797 579 προδοΐεν
812 489 851 558 ds
864 491 941 571 lucer
957 501 1025 571 τοῖς
1041 487 1277 582 φιλανθρώποις

168 601 206 663 lx
226 593 335 684 φήμης
355 596 613 684 μετεωρισθέντες
633 598 743 665 ίλπίοι.
793 601 894 662 ταῦτα
915 587 1110 684 λίγοντες’τῇ
1127 595 1278 682 δεινότητι

162 707 238 767 ’τῶν
252 697 352 786 λόγοιν
365 699 455 784 μόλις
468 699 524 766 τδν
536 696 701 787 βάρβαρον
715 697 959 786 κατεργάζονται.
1013 703 1065 766 καί
1078 703 1117 766 τά
1129 703 1186 783 μίν
1199 699 1280 788 χρή-

168 829 260 886 ματα
274 803 449 890 ἀφαιρεῖται
456 853 467 884 ,
494 803 595 888 γομνιλ
610 805 646 869 δὲ
656 809 721 869 τῶν
736 799 868 869 ίνάντιον
880 803 921 869 cd
939 799 1072 888 σώματα
1092 809 1276 886 καταλείπει,

140 913 161 965 5
173 907 253 974 ὥστ’
270 909 297 972 εί
309 909 365 989 μὲν
378 907 478 990 μίνειν
490 907 621 988 δίλοιεν,
636 909 819 990 κηδεμονίας
832 907 914 984 τινὸς
925 906 1104 988 ἀξιοῦσθαι,
1118 909 1145 974 el
1158 907 1192 974 d‘
1208 901 1276 989 ode,

169 1009 247 1075 ἀλλ’
263 1008 305 1086 ὣς
318 1009 439 1094 ἔχουσιν
455 1009 599 1093 ίξιιῖιτής
614 1006 881 1076 ἀπαλλάττεσθαι.
933 1017 1047 1097 προῆγε
1062 1011 1098 1078 δὲ
1111 1011 1168 1089 τὰς
1180 1007 1277 1078 δονά-

169 1139 256 1198 μεες,
284 1112 345 1179 dut
363 1113 496 1199 ῥυτῆρος
511 1110 662 1193 diademo,
686 1116 737 1179 καί
754 1113 803 1178 ἐπί
823 1113 862 1178 τά
880 1114 972 1180 luced
985 1111 1130 1202 φροάριο.
1182 1111 1271 1204 φήμη
1290 1121 1315 1176 ll

169 1217 207 1282 δ’
219 1219 302 1282 lacco
317 1213 533 1302 συμπεριάγειν
548 1217 598 1282 καί
615 1215 671 1282 τὸν
687 1217 852 1282 ίπίσκοπον
877 1219 1021 1300 (Πανίου
1043 1219 1078 1283 δ’
1101 1209 1194 1296 σιἰτος
1215 1212 1277 1306 ἦν)

136 1351 140 1368 ·
172 1323 225 1385 καλ
238 1320 279 1386 τά
292 1318 393 1386 πολλὰ
408 1322 458 1384 καί
472 1319 568 1386 αὐτὸν
584 1315 789 1407 ἐφιστάμενον
803 1331 956 1406 συνεργεῖν
968 1329 1033 1397 ταῖς
1047 1321 1173 1408 ἐχθροῖς
1179 1369 1190 1401 ,
1217 1321 1273 1406 ἐφ’

126 1416 199 1514 1οῷ
219 1425 393 1509 προδιδοῖεν
411 1422 444 1488 αἱ
466 1422 578 1499 πόλεις.
630 1426 681 1488 καλ
705 1405 757 1488 δἰδ
778 1429 878 1489 ταῦτα
900 1420 942 1500 ὦς
962 1425 1041 1500 slede
1055 1429 1106 1490 καί
1119 1423 1204 1512 παρὰ
1218 1431 1275 1508 τῆς

170 1528 333 1612 ἐκκλησίας
352 1527 463 1602 ίκεῒνος
483 1523 656 1609 ηάθάνετο,
687 1528 737 1592 καί
757 1522 777 1609 ή
798 1528 868 1611 δίκη
890 1524 1084 1615 πατριάρχου
1096 1523 1275 1614 γράμμασιν

170 1631 321 1714 ίδηλοῦτο
340 1635 387 1718 τῷ
408 1629 677 1697 καταδικασθίντι.
730 1631 842 1706 derisor
862 1629 898 1696 dd
921 1629 1001 1716 πρὸς
1018 1630 1075 1714 τήν
1095 1628 1204 1718 φήμην
1223 1633 1275 1697 καλ

159 1717 211 1799 ’τὰ
235 1740 291 1816 τῆς
313 1732 456 1816 ποινίμοο
471 1735 557 1817 δίκης
570 1727 806 1819 ὑπεραλγήσας,
832 1739 941 1820 καιροῦ
957 1730 1149 1822 δραξάμενος
1160 1730 1272 1822 φεάγει,

171 1839 223 1903 καί
236 1837 294 1920 τήν
310 1837 459 1920 ταχίστην
474 1843 519 1926 τῷ
532 1841 656 1918 βασιλεῖ
666 1837 875 1924 παραγίνεται.

132 1949 167 2004 15
275 1939 335 2009 27.
387 1938 541 2016 Βασιλεὺς
564 1941 600 2005 δὲ
622 1950 694 2016 τοῖς
713 1939 776 2006 άπὸ
792 1945 856 2006 τῶν
872 1922 995 2017 ξενικῶν
1010 1935 1109 2004 ίλπίσι
1122 1937 1275 2024 μετίωρος
1292 1947 1314 2004 P
1329 1947 1381 2002 435

172 2041 218 2109 ὢν
236 2041 293 2124 τήν
314 2039 420 2128 φίπιχήν
428 2091 439 2124 ,
466 2041 553 2126 ὅμως
571 2043 622 2108 καλ
642 2041 704 2130 ἀφ’
729 2040 843 2109 ἑαυτοῦ
857 2043 899 2108 τὰ
915 2041 1015 2109 πολλὰ
1037 2044 1179 2125 ἐτεχνᾶτο
1194 2039 1275 2108 alno·

173 2141 328 2222 σπάνδους
348 2145 383 2210 ἐκ
405 2142 588 2231 τιμημάτων
615 2141 831 2233 προσάγεσθαι
854 2145 931 2222 corle
955 2142 1144 2234 ἀλάστορας.
1196 2149 1275 2212 Γιν-

173 2376 345 2430 increbuisaet
365 2375 447 2430 lenem
471 2381 499 2431 et
520 2378 676 2434 exorabilem
697 2369 874 2434 Romoiortum
898 2393 974 2442 case,
997 2365 1065 2432 aliea
1081 2381 1182 2432 tractos
1197 2376 1275 2432 latius

170 2464 247 2501 arces
264 2447 340 2499 lacile
356 2447 544 2508 adducerentur
561 2450 594 2503 ad
611 2450 635 2503 ei
652 2467 682 2503 se
698 2450 836 2503 dedendas.
871 2466 903 2502 ue
920 2450 1001 2518 igitur
1017 2464 1159 2513 successus,
1178 2447 1276 2517 gloriae

170 2517 220 2571 sibi
242 2534 349 2587 magnae
367 2534 398 2569 ac
417 2519 537 2587 quaestui
554 2519 671 2586 futuros,
699 2518 879 2589 intempestivo
897 2519 1028 2587 gratuitae
1045 2518 1212 2571 lmrnanitatis
1228 2532 1277 2587 op-

169 2585 274 2659 probrio
298 2594 489 2669 corrumperet,
511 2595 640 2658 tamquam
658 2588 682 2640 ei
699 2588 825 2641 οεοενοίε
842 2589 1016 2653 consulentes,
1041 2588 1099 2639 durn
1118 2586 1212 2669 blande
1228 2588 1277 2639 ob-

169 2662 375 2794 :introiit
390 2656 655 2795 ‘limittit
671 2655 1277 2795 &illicitatltitittlinltt·

171 2799 222 2846 lum
241 2799 268 2845 et
283 2792 365 2846 libera
382 2810 492 2863 corpora
508 2794 573 2848 rellu
591 2802 674 2848 uerat
708 2795 870 2863 impetratum
887 2795 991 2861 insuper
1009 2796 1036 2843 et
1055 2790 1126 2856 illud,
1143 2796 1172 2843 ut
1189 2792 1210 2842 si
1227 2791 1275 2858 qul

170 2862 401 2915 Rbaedestinorum
418 2880 519 2916 manere
536 2864 563 2917 in
574 2814 637 2916 doce
654 2864 702 2915 sub
719 2862 824 2915 victoris
860 2868 970 2914 oteatate
986 2858 1054 2913 ultro
1070 2860 1203 2927 eligerant,
1220 2858 1274 2912 illic

172 2939 201 2982 ot
217 2932 313 2982 subditi
332 2948 395 2984 core
411 2932 577 2999 dignarentur
593 2932 627 2986 all
646 2948 695 2995 ua,
721 2932 761 2985 sin
779 2932 828 2984 aliu
863 2931 982 2994 mallent,
1006 2930 1093 2982 stetim
1115 2943 1275 2998 «precumque

173 3000 274 3051 luberet
289 3000 401 3067 migrare
418 3003 571 3055 sinerentur,
604 2950 664 3053 inde
689 2999 852 3053 Romulortus
876 3016 968 3069 pronas
986 2999 1019 3051 ad
1036 3000 1155 3051 lortunae
1172 2998 1273 3051 obvium

173 3063 421 3123 lavorem‘habcnes
444 3071 547 3131 laxans,
573 3069 771 3124 circumferebat
792 3070 931 3123 exercitum
955 3084 1002 3139 per
1019 3084 1093 3120 areca
1111 3068 1223 3136 reliquas
1240 3066 1275 3119 fl-

173 3138 240 3189 nium
258 3138 373 3203 illorum,
393 3139 541 3207 subigendis
557 3140 588 3192 iis
606 3139 754 3204 imminens,
770 3138 796 3191 in
814 3156 865 3209 quo
881 3139 1004 3190 tentarmo
1022 3154 1071 3190 nou
1088 3136 1215 3189 inefficaci
1235 3135 1274 3189 uti

171 3223 252 3275 opera
277 3207 409 3260 ferebatur
435 3208 548 3329 episcopi
573 3208 717 3273 cuiusdam,
739 3224 814 3278 quem
833 3207 1047 3260 circumducebat.
1082 3204 1214 3259 Panienaie
1231 3204 1274 3258 bic

172 3284 246 3339 erat,
271 3276 304 3329 de
321 3293 372 3345 quo
389 3279 456 3329 lama
474 3296 519 3347 per
531 3285 574 3330 ata
591 3278 617 3330 in
634 3279 723 3330 urbem
741 3287 782 3330 eat
800 3275 932 3346 cooperari
956 3292 1012 3327 enm
1034 3274 1148 3327 victoriis
1164 3273 1274 3327 Latino·

161 3345 243 3408 ¹rum,
266 3346 396 3398 suadendo
421 3346 543 3400 Romanis
567 3346 622 3400 eius
644 3355 744 3400 tractus
768 3364 801 3399 ne
821 3362 879 3399 sese
898 3353 926 3398 et
942 3360 1007 3415 quas
1024 3342 1183 3398 custodirent
1200 3358 1275 3397 arces

170 3420 217 3467 out
233 3415 311 3466 urbes
327 3415 475 3468 dubitarent
489 3416 523 3469 iis
539 3417 654 3469 tradere.
689 3417 715 3468 in
737 3433 788 3485 qno
816 3416 913 3484 culpem
938 3414 1073 3467 admittere
1095 3414 1187 3466 merito
1204 3411 1275 3465 visus

173 3489 215 3534 est
230 3482 404 3537 ecclesiastica
421 3484 641 3538 animadversione
657 3485 768 3555 dignam.
802 3502 861 3537 rens
878 3484 957 3551 igitur
975 3482 1070 3535 citetur
1081 3481 1161 3535 literis
1172 3482 1204 3535 ad
1216 3496 1275 3533 euru

173 3550 257 3603 missis
274 3554 452 3621 patriarchae,
478 3571 535 3607 cum
552 3554 760 3617 denuntiatione,
783 3554 832 3606 nisi
849 3552 1016 3605 mainerium
1035 3552 1138 3604 sisteret
1153 3556 1179 3603 et
1195 3550 1276 3603 eatis*

172 3621 284 3684 iaceret,
304 3639 403 3691 poenae
420 3624 573 3688 canonicae,
590 3624 692 3676 debitae
710 3622 819 3675 bostium
836 3622 998 3687 fautoribus,
1013 3620 1190 3673 incurrendae.
1227 3618 1276 3671 boc

171 3688 213 3741 ille
231 3691 362 3759 perculsus
380 3692 485 3757 nuntio,
509 3692 596 3745 dolens
614 3694 646 3745 ob
663 3690 792 3745 infamiam
810 3696 966 3745 contractam
984 3693 1011 3742 et
1028 3689 1143 3759 supplicii
1160 3689 1276 3755 gravita-

170 3763 224 3810 tem
249 3758 371 3811 intentati
393 3768 523 3827 metuens,
547 3763 682 3815 occasione
706 3766 812 3833 arrepta
836 3760 905 3831 fugit
921 3777 936 3815 e
955 3758 1048 3812 castris
1065 3758 1223 3826 Romolorti,
1247 3762 1275 3811 et

168 3827 323 3881 iaotinanter
338 3830 517 3898 imperatorem
533 3831 604 3888 adiit.

240 3898 283 3950 27.
319 3897 377 3951 Hoc
394 3905 464 3953 antu
481 3918 564 3953 rerum
582 3900 736 3970 inperator,
752 3898 802 3952 etsi
821 3896 999 3969 expectatione
1014 3894 1181 3967 peregrinae,
1198 3910 1274 3965 quara

171 3978 305 4021 accersere
329 3971 481 4037 satagebat,
507 3970 612 4023 militiae
635 3980 784 4041 suspensum
809 3968 922 4022 babebat
943 3966 1067 4027 animum,
1093 3972 1178 4017 tamen
1196 3980 1227 4017 ex
1244 3978 1274 4017 se

166 4050 294 4156 tilla
313 4035 336 4158 ’ί
353 4034 1275 4162 ttrttttitlltlalntii:tiitillitiilld.

169 4172 238 4224 nium
256 4173 488 4243 imogabarnrum,
511 4182 596 4230 certos
613 4176 664 4229 nori
679 4194 787 4248 percere
808 4175 928 4243 impensis
951 4173 1026 4225 etiam
1044 4172 1156 4243 magnis,
1181 4172 1202 4224 si
1221 4174 1273 4225 lar-

171 4242 310 4309 gitionibus
325 4246 453 4314 pecuniae
469 4246 502 4299 ad
518 4246 589 4317 paels
604 4246 642 4298 illi
660 4246 765 4317 concillo
788 4244 885 4297 inllecti
902 4260 932 4296 se
949 4242 1070 4295 sinerent.
1104 4242 1170 4295 tales
1188 4244 1272 4294 mente

168 4311 341 4381 coronares
360 4309 476 4387 Augusto
497 4321 632 4383 ammte,
656 4316 725 4371 torte
746 4313 842 4371 accidit
857 4312 945 4368 venire
961 4318 1023 4367 tunc
1038 4310 1147 4385 primum
1165 4310 1198 4366 ad
1216 4312 1272 4365 Ge-

1366 4454 1428 4509 Α.
