3009 4900
268 301 341 376 718
563 299 799 370 ousmvar.
823 298 1059 370 Pacuium

266 465 432 528 noerdona
447 475 499 528 aut
516 467 567 528 alii
583 465 712 528 miniatii
727 466 777 526 rel
791 467 878 527 etiam
895 465 978 543 laici,
999 465 1073 526 dnm
1092 465 1124 526 in
1146 463 1282 544 templo
1302 461 1412 521 sauia

265 573 386 632 operam
410 551 531 614 dabant.
573 551 716 613 habemur
733 551 891 631 imaginem
911 554 974 612 eiua
988 552 1032 612 rei
1053 551 1171 612 obviam
1196 551 1231 610 iu
1262 548 1414 628 templis

263 638 464 714 nostratibus,
485 638 539 698 ubi
558 636 668 698 cherua
686 645 731 696 eat
752 639 962 698 canonicorum
983 646 1037 696 ant
1058 634 1315 696 monachorum.
1370 632 1417 690 ni

265 725 344 782 enim
359 725 471 782 circum
491 723 632 802 diepoeita
644 739 750 802 magno
767 742 891 782 numero
905 723 1042 784 videmur
1055 722 1157 781 eedilia
1173 721 1219 780 οἱα
1230 721 1417 787 sor-mata,

264 818 300 869 ut
320 807 479 886 aliquando
501 810 588 888 plane
602 808 632 868 in
650 807 686 866 iia
702 807 833 868 cedendo
850 807 1070 886 conquiescere,
1093 805 1264 883 aliquando
1285 803 1419 863 standi

264 893 396 953 laborem
410 893 517 953 urbitio
533 891 605 952 hinc
619 892 689 952 inde
705 893 884 953 reclinandia
897 904 930 953 et
942 892 1019 953 mole
1030 893 1164 972 corporia
1177 891 1319 950 innixa
1341 887 1418 948 hn-

265 999 416 1038 merorum
433 981 464 1038 iu
488 978 611 1040 doraum
630 977 826 1038 statiunculae
846 999 907 1038 non
929 978 1069 1038 indecore
1088 975 1325 1050 deoneranda,
1356 975 1419 1051 qni

265 1064 369 1144 longae
388 1073 497 1124 vacant
510 1063 688 1143 psalmodiae
703 1063 826 1144 poeeint.
867 1072 911 1122 eet
926 1073 1025 1124 autem
1036 1064 1116 1122 inter
1129 1061 1184 1122 hae
1198 1061 1306 1119 aedes
1326 1078 1417 1138 epe-

266 1151 373 1208 cioeior
384 1169 445 1208 una
460 1160 492 1210 et
503 1149 658 1210 sublimior
670 1149 813 1228 praeridit
829 1146 903 1223 loci,
921 1169 1011 1226 quam
1029 1147 1080 1208 bic
1091 1157 1193 1206 noeter
1205 1145 1419 1225 peculiari-

266 1245 314 1294 ter
326 1234 448 1308 indicat,
470 1234 618 1294 communi
631 1235 702 1294 licet
717 1234 886 1298 oruoeadloo
900 1234 1029 1308 nomine,
1051 1233 1137 1292 aicuti
1148 1242 1180 1291 et
1190 1229 1416 1290 Phitoahem

163 1369 165 1372 .
268 1317 438 1399 patriarcba
462 1321 493 1378 G.
508 1319 540 1382 P.
560 1322 591 1380 in
613 1319 713 1380 libello
731 1319 876 1396 ineuipto
895 1317 1040 1393 Διόταξις
1058 1321 1114 1398 τῆς
1137 1317 1412 1394 όεροδιαπονίας,

269 1405 320 1464 ubi
332 1405 374 1462 eie
385 1403 501 1464 eoribit:
525 1398 587 1466 elau
601 1401 620 1466 ό
639 1400 781 1478 δτότουος
794 1397 949 1488 οόπόρχεται
961 1403 1014 1466 ταὶ
1025 1407 1126 1488 θυμιᾷ
1141 1399 1199 1482 τήν
1214 1399 1330 1481 ἁγίαν
1354 1401 1413 1461 εἶ-

269 1485 345 1552 νόνα
356 1483 412 1565 τόν
425 1488 469 1562 εἰς
479 1485 513 1552 τό
526 1490 678 1552 στασόδιον
689 1494 744 1552 τοῦ
756 1494 943 1572 προεστῶτος
954 1487 1006 1551 eal
1018 1483 1111 1551 αότόν
1120 1482 1172 1549 τόν
1181 1489 1406 1565 προεστῶτα,

269 1592 344 1651 quae
358 1573 389 1632 P.
402 1574 482 1633 Goar
496 1573 540 1632 ric
551 1577 656 1634 vertit:
676 1586 750 1634 tunc
766 1573 914 1632 diaconae
929 1571 1067 1647 discedit,
1088 1582 1117 1630 et
1130 1583 1278 1630 eandam
1294 1575 1404 1628 ima·

265 1661 369 1740 ginem
387 1661 555 1740 superioria
566 1659 657 1718 aedili
669 1663 890 1740 euperpoaitem
902 1669 931 1716 et
951 1661 1052 1738 iprum
1065 1660 1254 1736 auperiorem
1265 1659 1399 1714 ἱπποπ-

266 1755 326 1805 οαε.
368 1745 460 1824 igitur
475 1747 641 1808 ornoeidrov
656 1747 741 1806 cuiue
755 1744 806 1804 bic
819 1753 921 1804 noster
930 1744 1063 1803 meminit
1074 1742 1158 1802 eadee
1171 1742 1242 1814 fuit,
1263 1742 1398 1819 inqua

267 1829 367 1890 stabat
381 1831 552 1910 patriarcha
565 1830 751 1907 Athanasius,
773 1829 845 1890 dum
857 1839 1046 1910 perageretur
1058 1828 1223 1888 ceremonia
1236 1828 1309 1886 eiua
1323 1848 1395 1905 χει·
1489 1840 1490 1861 ¹

266 1917 405 1991 ροτουίας
426 1918 660 1994 inaugurationie
681 1917 742 1978 eive
763 1914 1001 1978 coneecrationie.
1041 1922 1229 1974 enatantem
1253 1932 1291 1970 ea
1311 1912 1392 1970 eine

267 2000 359 2060 dubio
372 2001 455 2060 aeder
471 2001 702 2079 praesidialem,
724 2001 890 2064 orooeldioa
905 2005 960 2064 roei
970 2003 1172 2080 προεστῶτος,
1191 2007 1276 2056 certo
1289 2015 1389 2056 aem-
1489 2030 1490 2033 =

262 2103 316 2164 pei·
332 2085 399 2144 loco
413 2085 497 2162 fixa„
512 2087 559 2146 cui
572 2088 604 2147 in
622 2085 732 2166 templo
748 2105 855 2166 magno
871 2089 900 2146 S.
916 2084 1043 2165 Sophiae
1061 2085 1207 2143 leneatrae
1221 2082 1381 2161 quaedam

160 2172 182 2224 P
199 2169 249 2225 509
266 2190 394 2251 superne
410 2172 639 2251 responderent5
660 2191 698 2230 ex
711 2192 839 2250 quarum
850 2190 1000 2244 enecuaeu,
1020 2170 1044 2228 ei
1058 2169 1252 2248 contingeret,
1266 2170 1383 2244 quieto
1489 2228 1491 2235 ,

264 2257 374 2333 alioqui
394 2257 474 2316 caelo
497 2267 528 2316 et
548 2259 630 2318 nullo
653 2267 744 2318 vento
769 2257 877 2333 fluum,
899 2258 1054 2334 augurium
1071 2255 1178 2312 Graeci
1196 2254 1380 2331 captabant,

263 2351 546 2418 peceaveratiuuane
571 2341 743 2420 patriarcha
765 2344 817 2421 qui
847 2341 1043 2402 ordinabatur
1064 2339 1098 2398 in
1124 2359 1159 2398 ea
1183 2357 1271 2416 quam
1291 2347 1379 2396 tnnc

264 2423 425 2566 apri-piepat
443 2435 590 2503 potestate
609 2426 687 2485 soret
699 2421 794 2505 u'aque
816 2427 856 2487 ad
876 2437 1020 2504 mortem,
1042 2445 1080 2484 an
1098 2423 1187 2487 virne
1198 2423 1268 2483 inde
1285 2431 1374 2481 eaeet

263 2526 366 2567 ancien
391 2527 434 2570 ua.
1216 2558 1225 2571 .

350 2596 624 2674 σταυρατῆρες
644 2598 794 2673 neore.
816 2592 867 2658 14.
908 2595 941 2654 in
958 2614 1004 2654 nn
1028 2592 1364 2674 legebatmdroeoper-

264 2679 373 2759 τῆρσευ
396 2673 500 2753 ὅσσας.
541 2679 593 2741 eed
614 2678 681 2739 voci
702 2678 823 2756 quidem
842 2674 940 2754 ὅσσας
954 2681 987 2741 in
1005 2683 1137 2760 margine
1155 2676 1363 2737 enbiidebatur

265 2759 394 2843 όσσοόςς
421 2764 503 2843 quod
523 2775 559 2825 ut
582 2764 766 2827 emendatius
785 2782 852 2823 eum
873 2766 1039 2845 amplexue:
1065 2764 1239 2826 vocabulum
1256 2772 1368 2822 autem

267 2854 475 2930 σαυρωτῆρσιν
500 2850 653 2911 manifeste
677 2850 853 2911 mendoeum
878 2869 918 2909 ex
943 2852 1113 2911 coniectura
1136 2848 1296 2909 reformari
1328 2848 1367 2905 in

266 2938 508 3016 σταυροοτῆρσινς
529 2937 612 2997 cuim
625 2936 730 3014 ulique
744 2936 828 3015 origo
841 2936 874 2995 in
887 2945 989 3015 aptum
1001 2935 1073 2996 hnic
1085 2936 1152 2994 loco
1167 2935 1368 3013 eignilioatum

266 3038 429 3097 congruens
442 3031 572 3099 apparet,
592 3030 756 3100 utcumque
769 3022 896 3081 verbum
907 3019 967 3081 boc
980 3022 1060 3101 apud
1073 3020 1168 3081 ullum
1180 3021 1271 3080 ahorn
1287 3020 1367 3079 acri-

263 3112 380 3183 ptorem
403 3104 550 3165 Graecum
569 3106 706 3167 nondum
725 3106 900 3167 invenerim.
949 3116 1037 3183 aunt,
1067 3105 1167 3184 inquit
1186 3104 1367 3184 Hesychiaa,

264 3188 388 3271 σταυροὶ
403 3189 435 3253 οἱ
445 3186 682 3273 καταπεπηγότες
695 3188 848 3268 σκόλοπες,
869 3185 1007 3272 κόρακες,
1020 3188 1073 3254 ταὶ
1089 3187 1189 3253 πάντα
1201 3188 1240 3253 τό
1253 3190 1367 3253 ἑστῶτα

262 3268 353 3347 gailo,
378 3267 439 3337 οἷπό
456 3280 513 3339 τοῦ
526 3274 649 3339 ἑστάναι
663 3271 825 3354 σταυροός,
848 3276 882 3340 la
901 3280 959 3339 rod
973 3278 1016 3349 alr
1031 3272 1087 3355 τὴν
1100 3273 1199 3355 αόραν
1211 3277 1366 3339 ἵστασθαι.

260 3354 333 3417 hinc
352 3353 489 3439 σταυρόα
511 3362 630 3419 vallum
650 3380 702 3421 eeu
719 3362 832 3441 palum
842 3362 931 3441 figo,
951 3362 1098 3421 unitatum
1109 3360 1280 3439 Thucydidi
1300 3360 1321 3419 l.
1333 3364 1365 3435 7,

261 3450 291 3500 et
308 3439 474 3519 proripuere
486 3464 541 3522 pro
561 3446 746 3505 munimento
762 3466 779 3505 e
794 3446 879 3506 vallia
896 3446 1002 3505 defixio
1016 3448 1053 3505 ab
1069 3446 1172 3505 eodem
1186 3446 1367 3525 Thucydide

259 3526 330 3585 alibi
346 3527 422 3586 libro
436 3528 541 3589 eodeni
554 3532 665 3608 poeita3
687 3530 769 3609 quod
781 3532 859 3591 libro
875 3536 894 3595 6
906 3526 1066 3612 στσόραμα
1081 3532 1211 3604 dixerat,
1231 3533 1275 3591 eic
1287 3529 1366 3591 ecri-

258 3612 347 3672 benat
366 3608 449 3693 παρό
460 3635 491 3675 τε
504 3610 557 3688 τός
570 3620 648 3689 ναῦς
663 3613 824 3701 σταύρωμα
837 3617 961 3697 ἔπηξαν.
1001 3627 1034 3677 et
1048 3616 1218 3697 Xenophon
1232 3618 1253 3680 l.
1267 3610 1366 3679 4‘El·

257 3701 412 3787 ληυεττῖνε
432 3692 594 3780 σταόρωμό
609 3694 633 3762 τ’
643 3696 820 3780 ἐποιήσαντο
830 3702 882 3765 nol
896 3695 1026 3784 τόφρον.
1067 3701 1139 3762 binc
1152 3707 1368 3783 σταυροτῆρας

258 3782 400 3842 credibile
412 3793 456 3843 eat
468 3784 641 3865 Pachymeri
655 3786 734 3845 dicta
747 3788 830 3866 tigna
844 3787 951 3861 delira,
973 3796 1003 3845 et
1012 3795 1048 3846 ut
1058 3787 1133 3846 eolat
1144 3786 1183 3846 ad
1199 3788 1295 3868 aperie
1305 3788 1365 3847 fist

257 3867 399 3945 mitatem,
422 3868 598 3930 decueratim
610 3872 736 3933 invicem
749 3874 846 3951 plexa,
868 3872 1011 3951 impositio
1022 3872 1166 3951 crepidini
1179 3892 1306 3952 euperne
1322 3871 1364 3930 ad

213 4006 215 4009 ,
257 3948 375 4029 hortea,
397 3956 449 4028 ubi
467 3956 656 4033 accederent,
682 3957 900 4017 submovendae
917 3956 1013 4015 contie
1027 3956 1109 4017 ferro
1128 3960 1264 4031 armatis,
1287 3976 1364 4035 quoe

257 4031 372 4109 όσσοός
386 4041 526 4119 appellat.
566 4042 719 4121 Appianue
733 4042 765 4101 in
785 4044 949 4121 fragmento
962 4046 1128 4122 Κελτικῆςε
1147 4040 1185 4104 τό
1199 4041 1232 4106 dl
1250 4037 1363 4123 δόρατα

258 4108 300 4195 ἦν
315 4116 370 4181 oda
386 4123 502 4189 ἐοικότα
515 4120 619 4189 denval
629 4126 704 4208 (lege
717 4120 879 4202 α’τοντόοις)
893 4122 914 4188 dl
922 4121 1061 4203 Ῥαμαῖοτ
1080 4131 1207 4189 καλοῦσι
1228 4123 1362 4207 νησσοός

259 4198 339 4279 (lege
352 4202 502 4289 ὖσσοός),
525 4207 618 4285 §ailon
636 4207 821 4295 τετραγαόνου
839 4208 874 4273 τό
891 4206 1004 4291 ἥμισυ,
1026 4210 1079 4273 καὶ
1093 4209 1128 4275 τό
1146 4209 1218 4275 ἄλλο
1233 4207 1362 4291 σιδήρου

256 4284 463 4370 τετραγώνου,
483 4294 538 4367 eal.
548 4290 617 4362 τόδε
631 4296 683 4361 ecl
698 4300 852 4391 μαλακοῦ,
875 4298 968 4379 γυρίς
984 4319 1019 4378 γε
1036 4301 1091 4380 τῆς
1106 4296 1226 4379 αἰχμῆς.
1267 4296 1361 4377 nigui-
