3009 4900
294 335 370 410 690
595 332 831 404 onsauvaT.
854 331 1091 402 Pacatiana

294 511 421 564 recatus
446 508 619 562 constanter
643 497 872 580 Cayucb-cban.
914 497 1033 581 primus
1061 499 1112 578 qui
1133 495 1290 580 Cayucbo
1327 495 1443 558 dece-

295 589 381 649 denti
401 587 544 648 suffectus
564 596 626 664 eat,
648 587 835 647 biaukaksua
854 603 917 646 non
933 585 1049 644 otonis
1067 585 1117 644 sed
1135 587 1268 644 Kcans'e
1286 585 1442 664 epithe-

294 683 349 734 ton
367 673 505 734 adscivit.
544 671 718 732 blunkalaao
731 681 852 732 mortuo
866 679 895 730 et
908 673 972 730 eius
984 671 1173 730 successione
1188 670 1326 728 incertas
1348 691 1443 750 prn-

296 769 368 841 pter
387 758 499 817 Kublai
516 755 716 832 et'Aribugae
738 756 968 816 candidatorum
987 755 1104 834 imperii
1123 775 1177 836 per
1191 755 1445 833 duodeviginti

299 863 393 904 annos
410 843 488 903 bella
509 842 627 918 civilia,
651 841 782 902 Hulccu
797 843 890 902 irater
905 839 1087 913 blunkakai,
1108 842 1214 902 mirans
1231 841 1387 900 dudum
1405 841 1443 898 ab

297 949 333 990 eo
347 939 382 988 ut
395 949 453 1010 pro
466 945 497 986 se
509 936 657 1006 praeesset
669 927 811 988 Occiduis
826 927 946 1006 imperii
957 927 1119 999 tractibus,
1142 926 1211 1001 etsi,
1235 945 1444 1005 numquam

296 1015 356 1074 rite
373 1014 470 1073 lectus
493 1021 546 1072 aut
564 1013 761 1091 inauguratus
779 1015 957 1094 imperator,
989 1009 1069 1071 haud
1088 1012 1222 1070 obtinere
1248 1012 1445 1072 videretur

295 1118 403 1160 verum
420 1099 468 1158 ius
481 1097 566 1176 regni
579 1098 796 1175 Megulensium
805 1135 815 1172 ,
837 1108 936 1157 tamen
954 1095 1074 1176 quiade
1090 1099 1169 1156 lacto
1184 1096 1242 1154 tali
1257 1107 1443 1175 potestate

295 1185 489 1261 fungebatur,
521 1182 557 1240 ab
584 1182 806 1263 bbulpbaragio
840 1181 1002 1262 aliquando
1031 1183 1201 1261 appellatur
1221 1182 1389 1242 Hulaw
1414 1185 1444 1240 it
1491 1201 1492 1270 p

299 1269 397 1330 maan.
439 1267 499 1326 boc
520 1285 593 1326 reto
613 1277 754 1345 mortuo,
779 1266 832 1327 ubi
847 1267 985 1345 legitimis
998 1265 1145 1346 suffragiis
1159 1267 1258 1344 gentis
1273 1269 1443 1328 colloca-
1490 1279 1491 1294 ¹

296 1362 361 1412 tum
375 1353 407 1410 in
421 1351 640 1430 Mogulensium
653 1355 728 1412 solio
746 1353 878 1412 Abakam
893 1353 1009 1414 llulacu
1025 1351 1122 1412 filiurn
1138 1353 1263 1430 retulit,
1288 1374 1441 1434 semper

296 1437 385 1496 illum
402 1435 509 1496 deinde
522 1434 682 1496 Abala-il
698 1438 786 1498 Clran
807 1438 941 1499 Abakam
958 1437 1090 1497 Chanem
1110 1437 1263 1516 nominat,
1288 1449 1333 1498 nt
1360 1459 1441 1498 em·

296 1521 414 1604 phasim
439 1515 692 1603 αὖτοκρατορικῆς
714 1521 906 1584 monarchiae
926 1523 958 1582 in
981 1542 1058 1583 voce
1081 1521 1166 1581 Clrnn
1190 1543 1256 1583 non
1282 1524 1437 1584 dubiam

298 1616 451 1686 agnoscat.
492 1608 629 1668 Catanen
651 1609 777 1685 deinde,
805 1629 893 1687 quem
910 1607 1108 1688 Pacbymeres
1127 1609 1260 1668 celebrat
1286 1610 1436 1689 princi-

297 1712 375 1775 pum
390 1701 524 1752 reternm
540 1695 573 1753 in
595 1694 698 1772 paucis
713 1695 876 1754 illustrium
892 1692 1082 1753 ambitiosum
1098 1694 1340 1771 aemulatorem,
1367 1697 1434 1754 fa-

298 1777 358 1838 cile
379 1777 558 1840 crediderim
583 1781 704 1838 Kauaris
723 1779 845 1839 secundi
861 1798 933 1838 suae
950 1779 1047 1857 gentis
1061 1779 1150 1858 longe
1163 1779 1330 1839 clarissimi
1345 1802 1433 1839 mo—

299 1862 429 1922 narchas
449 1883 615 1941 cognomen
637 1870 739 1945 potius
755 1873 874 1944 optasse
889 1883 978 1942 quam
1000 1865 1132 1939 Olane,
1155 1864 1239 1943 qnod
1262 1865 1298 1923 in
1324 1885 1428 1944 rege·

300 1967 420 2026 qnoque
433 1968 503 2007 suae
515 1949 611 2027 gentis
626 1971 689 2008 non
702 1949 921 2010 laurlatissimos
934 1950 1090 2028 vulgatum
1104 1959 1134 2008 et
1148 1949 1180 2008 in
1193 1950 1262 2008 aliis
1280 1951 1428 2030 insuper

299 2033 424 2113 populis
448 2033 592 2093 usitatum
620 2044 753 2093 noverat.
797 2035 908 2094 etenim
935 2034 1073 2094 Sinarum
1097 2053 1168 2112 rex,
1197 2054 1289 2114 quem
1311 2039 1426 2094 Kaara
1491 2051 1492 2057 ’

195 2132 218 2186 Ρ
233 2131 287 2188 486
301 2117 379 2180 vicit
400 2126 432 2178 et
449 2118 487 2177 ad
505 2138 608 2178 necem
623 2121 706 2180 ultro
721 2119 777 2182 sibi
793 2120 1035 2181 consciscendam
1053 2119 1169 2198 adegit,
1190 2121 1425 2182 Alton-caan

299 2205 472 2264 nominatus
483 2203 623 2266 traditur.
666 2203 743 2265 baec
754 2226 821 2266 cnm
833 2206 876 2265 ita
889 2207 967 2280 sint,
987 2203 1192 2285 Pacbymeres,
1214 2207 1262 2265 nti
1275 2215 1307 2266 et
1318 2207 1422 2266 multi

300 2289 351 2346 ulii
371 2288 550 2366 scriptores,
574 2309 613 2348 ex
636 2290 723 2349 caan
742 2301 773 2350 et
790 2295 881 2350 Kaan
898 2291 1018 2350 amicam
1039 2290 1210 2350 conflarunt
1222 2293 1421 2371 appellatio-

248 2436 253 2448 Ι
299 2389 386 2445 nem,
409 2371 599 2448 Tatarorum,
621 2384 655 2433 ut
667 2384 791 2453 putant,
813 2377 994 2457 peculiarem
1010 2377 1197 2458 principum,
1219 2395 1288 2435 cum
1302 2387 1420 2437 umen

299 2454 358 2529 sit,
386 2470 452 2511 mco
479 2456 611 2533 iudicio,
636 2459 829 2519 verisimilius
856 2480 961 2521 vocem
992 2462 1112 2541 quidem
1136 2464 1221 2521 Kean
1240 2463 1417 2541 propriam

300 2538 397 2618 gentis
417 2538 583 2617 blognlicae
604 2540 711 2619 luisse,
735 2543 824 2603 caan
838 2553 936 2603 autem
955 2546 1129 2607 Sinensibus
1142 2546 1238 2606 saltem
1257 2554 1288 2604 et
1305 2547 1411 2605 Prac-

300 2623 556 2701 steiannensibns,
585 2626 719 2687 lonaasis
740 2629 829 2689 etiam
849 2639 879 2689 ct
903 2630 970 2689 aliis
989 2633 1139 2695 interioris
1155 2630 1236 2692 baiae
1255 2630 1404 2708 gentium

302 2710 440 2814 dynastis
461 2710 554 2771 tribui
576 2721 730 2792 praeterea
746 2714 836 2775 fuisse
849 2715 978 2775 solitam.

302 2880 360 2939 n.
382 2799 1009 2965 illlililplllssl'aflllii
1025 2798 1411 2947 ttttlttlztlttt:

302 2962 365 3022 buc
384 2966 530 3042 quadrat,
553 2967 625 3027 duan
644 2990 677 3027 ea
697 2992 756 3051 pro
775 2980 882 3030 natans
896 2972 1044 3031 subiectae
1056 2974 1098 3033 rei
1113 2972 1293 3051 significatos
1312 2982 1413 3052 pute-

302 3062 370 3107 anus
390 3050 489 3110 exitus
510 3051 631 3129 paludis
646 3056 712 3115 aire
731 3057 848 3115 canales
862 3058 951 3117 certis
965 3056 1041 3116 locis
1055 3058 1189 3117 defossos
1204 3068 1234 3116 et
1245 3058 1321 3117 hinc
1334 3059 1411 3118 inde

200 3205 203 3211 Ι
301 3132 394 3210 tignis
418 3134 479 3195 alte
497 3133 568 3196 fixis
591 3140 723 3200 munitos
740 3140 780 3199 ad
800 3160 908 3221 aquam
922 3142 1140 3202 corrivandam.
1181 3140 1411 3223 borum'capits

303 3220 439 3278 extantia
466 3222 615 3299 tignorum
643 3226 774 3305 primum
799 3226 971 3287 devinxisse
993 3227 1122 3287 invicem
1149 3228 1258 3289 validis
1281 3230 1410 3289 funibus

301 3300 578 3385 Philantltropenus
599 3308 650 3368 bic
673 3319 829 3387 narratur,
850 3312 957 3372 deinde
971 3314 1145 3372 instrarisae
1158 3314 1339 3373 nansrersis
1360 3324 1410 3373 ta·

302 3386 400 3464 bulis,
422 3398 488 3449 tum
504 3389 564 3449 boc
582 3394 672 3471 plano
688 3416 746 3475 pro
762 3396 856 3455 lunda
870 3418 943 3457 usus
958 3398 1093 3470 turribus
1114 3398 1273 3475 tollendis,
1295 3420 1313 3459 e
1335 3402 1410 3479 qui-

303 3472 681 3555 busarcemoppugnaret.
721 3497 782 3539 non
798 3502 844 3540 me
858 3481 968 3543 latebat
989 3504 1057 3543 cum
1074 3482 1149 3542 haec
1166 3484 1328 3543 scriberem
1348 3484 1408 3547 arei-
1491 3504 1492 3533 ³

303 3557 401 3639 ραβον
419 3578 527 3619 navem
550 3580 668 3641 quoque
696 3564 873 3644 significare.
915 3588 983 3627 nam
1000 3578 1031 3628 et
1046 3569 1119 3628 alibi
1133 3567 1214 3628 banc
1227 3580 1407 3648 usurpatam
1491 3614 1492 3619 κ

304 3661 323 3702 a
341 3642 522 3723 Pacbymere
537 3664 643 3707 vocem
655 3648 698 3709 sic
711 3671 776 3709 aum
792 3654 1016 3733 interpretatus.
1056 3652 1126 3714 ideo
1142 3662 1241 3714 manen
1257 3652 1333 3714 mibi
1348 3657 1407 3713 mi-

303 3743 363 3787 nua
377 3730 540 3791 verisimile
554 3732 651 3793 visum
671 3744 730 3808 est,
760 3734 793 3795 ld
814 3738 993 3799 vocabulum
1018 3738 1077 3798 isto
1099 3740 1168 3798 loco
1187 3760 1204 3797 a
1227 3748 1335 3799 nostro
1354 3740 1407 3799 bi-

304 3812 417 3873 storico
431 3816 463 3873 in
477 3815 535 3876 bac
545 3818 665 3896 vulgari
677 3822 801 3881 notione
814 3833 1000 3903 usurpatum,
1023 3826 1106 3903 qnod
1120 3825 1286 3899 naviculas,
1309 3844 1407 3903 qnan-

304 3899 446 3960 tnmlibet
456 3900 536 3962 inter
547 3923 579 3962 se
593 3904 725 3981 vinctas,
746 3906 915 3967 innatantes
931 3918 1046 3988 stagno,
1067 3928 1174 3989 parum
1188 3911 1321 3970 solidum
1334 3912 1407 3969 lun-

306 3980 379 4042 dum
408 3986 607 4047 existimarem
635 3990 836 4069 poliorceticia
860 3993 1006 4053 machinis
1024 3994 1222 4074 sustinendis,
1244 4004 1338 4075 prout
1358 3996 1407 4055 sa-

306 4074 389 4164 ctum
402 4069 467 4130 illic
481 4084 632 4134 narratum
648 4075 753 4153 exigit.
797 4078 866 4156 qnia
879 4086 979 4139 tamen
991 4080 1129 4161 exempla
1144 4100 1206 4139 non
1223 4080 1332 4141 desunt
1347 4104 1406 4161 po-

166 4168 175 4177 ’
305 4160 425 4251 ouans,
448 4156 688 4219 obsidionalium
706 4164 858 4239 turrium,
880 4174 910 4223 et
930 4162 1134 4225 machinarum
1151 4166 1183 4225 id
1203 4186 1317 4244 genus,
1339 4164 1406 4228 ἕλε-

297 4236 441 4331 'maleum
463 4243 591 4303 naribus
605 4246 815 4325 impositurum
829 4249 861 4306 in
875 4250 1150 4329 oppugnationibus
1162 4250 1339 4311 litteralium
1354 4270 1406 4309 ar-

305 4338 404 4395 caum
423 4323 451 4382 ai
465 4326 515 4385 cui
528 4331 718 4408 prudentiori
733 4353 782 4394 ms
792 4334 897 4396 lectori
909 4336 1104 4417 pracferenda
1116 4336 1271 4401 videretur
1285 4336 1404 4419 simpli·

1490 1827 1492 1873 l
