3009 4900
306 289 380 361 810
615 286 852 357 OBSERVAT.
874 286 1111 368 neminen.

298 455 452 535 permisti,
470 450 808 514 mistnsolusandusn
820 449 1213 528 dioneotbcreelsssor,
1237 449 1424 532 quadon-

303 540 377 598 bum
391 550 436 598 est
450 542 829 622 compositumSyrs'acuns,
848 534 1144 597 commissoriis
1161 534 1336 601 demisse.
1378 540 1422 599 sot

302 623 395 685 buius
410 644 464 703 ege
477 626 657 705 Megulsnsis
671 622 1094 704 imperatoriscsyuo-Clssnis
1108 632 1247 703 ternpore
1267 626 1424 684 reim

302 708 374 769 dum
397 722 474 791 puto
496 710 578 793 quod
600 710 794 789 Psebymeres
816 720 935 788 secret,
961 720 1044 769 tomo
1065 708 1166 788 priore
1180 728 1209 767 e.
1222 712 1246 773 8
1260 718 1295 768 et
1311 708 1422 785 ilfi,

303 794 342 854 de
358 796 438 875 Nega
451 816 512 855 uno
530 816 546 855 e
563 796 691 856 ducibus
707 795 857 855 exereitus
871 812 959 873 quem
974 812 991 852 s
1006 794 1108 852 llssne
1120 792 1256 853 secundo
1271 794 1421 874 impers-

302 888 370 941 tore
391 881 609 959 blogulensium
629 880 754 940 missum
774 876 907 941 diximus
925 880 958 939 in
969 878 1217 958 septentrionslss
1231 886 1364 939 metus
1378 879 1422 937 sd

301 984 354 1025 eos
373 966 591 1045 subiugandos,
620 966 795 1111 prsqposito
816 967 931 1025 cunctis
952 964 1049 1024 listuo
1075 964 1179 1024 irstrls
1199 963 1247 1023 sui
1270 963 1366 1039 lilio,
1399 984 1420 1023 s

303 1050 413 1129 quibus
428 1052 617 1111 Sclsvonisns
638 1060 669 1112 et
710 1052 819 1111 ussism
833 1050 924 1111 luisse
937 1058 1095 1131 occnpstss
1113 1048 1250 1130 supssius
1266 1066 1300 1109 n.
1316 1054 1343 1116 6
1357 1048 1421 1108 lsss-

301 1134 351 1195 ius
365 1156 392 1197 c.
408 1156 445 1197 ex
459 1137 681 1217 Abulpbsrsgio
698 1135 906 1195 indicavimus.
948 1135 1001 1195 sed
1015 1137 1227 1215 improsperss
1242 1133 1420 1213 blogulfls-

301 1220 383 1280 sibus
397 1230 514 1283 tentste
537 1214 871 1301 Constsntinopolitsne
889 1221 1019 1301 imperio
1031 1230 1156 1301 psopter
1177 1232 1260 1278 setes
1274 1217 1313 1278 iu
1325 1220 1419 1298 ipsos

301 1304 431 1384 impetus
455 1306 653 1385 victoriasque
672 1306 847 1366 Latinorum
867 1304 1003 1385 Byzantii
1025 1298 1258 1378 denisesburn,
1284 1305 1417 1363 Bstusss

302 1408 365 1449 non
383 1390 420 1449 sb
445 1390 482 1452 iis
500 1392 598 1451 solum
621 1390 675 1451 sed
697 1400 729 1451 et
753 1406 770 1449 s
791 1392 915 1451 Grsscis
932 1390 1114 1450 incessendis
1132 1390 1305 1464 sbstinsns,
1334 1407 1416 1449 eun

300 1476 463 1557 praecipue
481 1486 565 1556 purte
580 1468 735 1558 cupiarum
754 1476 929 1536 videreris
950 1474 1101 1536 Persidem
1121 1476 1268 1556 primunt,
1289 1474 1416 1535 deinde

303 1560 342 1618 sd
357 1579 427 1621 suos
440 1562 473 1621 in
489 1564 621 1622 Orientis
634 1562 779 1622 interiore
791 1562 961 1637 recessisse,
980 1562 1119 1641 proxime
1130 1561 1168 1619 td
1184 1559 1415 1639 Gryno-ctu-

303 1645 350 1704 nis
365 1646 412 1706 sui
426 1646 589 1728 propinqui
603 1648 794 1724 semitutum,
814 1646 919 1707 relicto
938 1646 971 1705 in
987 1646 1143 1705 Sclsvonis
1159 1655 1192 1704 et
1205 1646 1329 1716 bessis,
1350 1647 1413 1723 qui

302 1740 389 1813 perte
407 1732 472 1793 illic
494 1742 647 1807 tueretur,
675 1732 767 1812 Nogs.
810 1726 859 1791 bic
879 1741 1001 1810 sutem,
1028 1740 1064 1791 ut
1083 1730 1178 1791 refert
1190 1728 1411 1809 Psobysnsres,

302 1834 373 1877 eum
389 1820 486 1879 suetis
507 1838 545 1879 ex
564 1819 770 1897 indigenarum
796 1818 952 1877 iuventute
973 1816 1006 1875 in
1035 1836 1107 1876 suos
1135 1833 1234 1875 mnes
1259 1815 1411 1876 usum·

302 1902 398 1980 copiis
420 1905 491 1963 estis
512 1924 542 1963 ss
566 1905 746 1962 instructum
768 1910 888 1981 putsrst
908 1902 946 1961 sd
961 1901 1163 1961 defendendss
1180 1894 1246 1961 suis
1258 1900 1408 1980 suspseiis

302 1985 408 2047 uberes
426 2006 474 2048 ees
486 1988 657 2069 fertilesque
671 1990 821 2066 regiones,
844 1988 1049 2068 expraefecto
1066 2004 1098 2045 se
1109 1981 1277 2066 principem
1288 2002 1409 2065 suprs-

300 2090 382 2131 murn
396 2072 576 2150 deciscunt,
598 2072 765 2133 obedientis
779 2074 920 2152 deinceps
932 2072 1156 2151 Megalensibus
1169 2067 1405 2151 impensionibus
1488 2145 1489 2150 η

300 2168 416 2233 negate.
459 2177 547 2239 quum
561 2160 780 2219 centurnscisns
801 2159 856 2217 diu
867 2158 990 2238 impune
1006 2158 1095 2233 tulit,
1117 2162 1171 2216 sut
1183 2156 1405 2237 negligentibus

300 2258 364 2299 esm
380 2264 442 2302 rern
459 2240 531 2319 illis,
554 2256 684 2304 autnon
699 2244 880 2304 sufficientes
897 2242 1000 2303 rebelli
1013 2244 1164 2302 demendo
1180 2243 1284 2323 copiss
1294 2251 1403 2301 centn

298 2326 411 2401 Negans
437 2330 642 2405 mittentibus;
671 2330 752 2388 unde
771 2330 857 2389 illum
880 2328 913 2388 in
935 2328 1109 2409 principstu
1122 2328 1246 2409 putidis
1264 2326 1402 2406 qusesito

299 2411 490 2472 corroborari
505 2414 666 2490 contigerit
684 2416 854 2493 llorersqns
876 2414 1030 2495 potentis;
1060 2432 1118 2492 qus
1150 2423 1252 2472 neotus
1270 2410 1402 2472 bliubsel

298 2493 489 2574 Pslseolegus
501 2505 677 2576 recuperate
693 2497 952 2580 Constantinopoli
966 2509 1062 2558 tetum
1075 2497 1225 2558 Orientale
1235 2497 1401 2576 isrspoeim

298 2578 454 2657 obtinens,
476 2581 538 2642 eius
558 2579 717 2642 smicitism
733 2591 765 2641 et
782 2582 958 2643 affinitatem
975 2585 1058 2644 ultro
1073 2582 1220 2657 smbiesit,
1249 2582 1319 2640 dsts
1333 2583 1402 2641 No.

297 2683 350 2743 ges
363 2667 396 2725 in
413 2685 541 2728 uxorem
556 2667 680 2750 propris
692 2668 756 2728 filis
769 2665 976 2748 Euphrosyne,
997 2678 1087 2751 prout
1099 2669 1162 2727 iuss
1173 2674 1277 2725 nsrrst
1288 2676 1401 2726 noster

298 2771 326 2814 c.
346 2752 403 2818 41.
419 2753 439 2819 5
454 2753 549 2835 pertis
563 2753 690 2835 prioris,
712 2754 763 2812 ubi
779 2755 965 2834 possessione
977 2755 1118 2815 diutums
1138 2761 1171 2813 et
1191 2751 1297 2811 crebre
1316 2771 1398 2832 pro-

298 2838 439 2918 speritate
451 2859 651 2914 successuum,
674 2841 784 2920 psrtisu
797 2841 828 2898 in
843 2839 999 2901 eludendis
1017 2850 1079 2900 erte
1093 2860 1127 2898 ec
1137 2839 1216 2915 delo,
1237 2837 1350 2918 psrtim
1362 2839 1396 2898 in

298 2924 332 2981 vi
346 2923 526 3004 repellendis
542 2925 699 2985 coestibus
712 2923 901 2985 dominorum
915 2935 1053 2985 veterum
1073 2925 1232 3004 fugitivum
1249 2931 1395 3003 repeten-

299 3007 391 3082 tium,
421 3011 529 3070 sensim
552 3009 645 3069 luisse
669 3011 874 3070 confirmstsns
896 3011 995 3089 Negss
1014 3011 1182 3090 dynsstissn
1203 3007 1394 3088 Pscbysnerss

298 3094 441 3158 insinust.
484 3093 566 3154 unde
585 3111 646 3154 nou
667 3095 831 3173 incongrue
847 3097 994 3176 suspiossi
1013 3096 1100 3173 lieet,
1121 3097 1160 3155 sb
1174 3111 1255 3154 enno
1269 3095 1394 3153 noxius

299 3177 412 3238 Christi
434 3182 526 3254 1250,
546 3199 608 3260 quo
627 3181 753 3256 listune,
770 3191 806 3240 ut
826 3198 898 3240 mox
911 3182 1058 3258 dicemus,
1092 3179 1219 3259 negotiis
1233 3179 1393 3238 maioribus

296 3264 480 3344 reipublicae
500 3263 666 3344 blogulicse
687 3283 704 3324 s
724 3283 797 3325 curs
814 3267 1055 3346 septentrionalis
1081 3265 1187 3325 limitis
1208 3274 1349 3324 svocstus
1361 3267 1392 3322 in

297 3350 420 3427 longum
442 3359 561 3430 ternpus
582 3359 640 3426 est,
662 3351 796 3430 coepisse
816 3351 930 3430 Nogsrn
943 3373 991 3411 res
1006 3353 1069 3411 illio
1085 3372 1155 3410 suss
1169 3370 1271 3429 egere3
1292 3369 1392 3430 perse-

296 3451 475 3513 veresseque
494 3434 655 3494 crescendo
676 3454 810 3516 semper,
839 3457 993 3516 quousque
1017 3437 1177 3497 duodecim
1198 3444 1270 3517 pest
1297 3436 1391 3512 snnis,

296 3539 375 3580 enne
390 3520 503 3579 scilicet
516 3517 628 3580 Christi
645 3519 764 3580 circiter
785 3525 877 3600 1262,
893 3543 959 3581 eum
979 3523 1067 3580 tslern
1087 3521 1252 3602 imperstor
1265 3519 1391 3580 ulcissi

295 3605 475 3666 iudicaverit
491 3603 577 3664 cuius
593 3601 722 3664 affinitas
736 3605 857 3683 intime,
878 3627 935 3688 qus
952 3617 1029 3666 tunc
1042 3625 1110 3667 eum
1122 3606 1179 3666 sibi
1194 3624 1337 3684 generum
1347 3608 1390 3664 ls-

297 3691 378 3753 ciens
394 3689 539 3767 semovit,
560 3699 590 3749 et
601 3689 711 3750 honori
727 3701 757 3750 et
771 3694 919 3770 prsesidio
931 3692 1019 3753 rebus
1032 3693 1094 3752 suis
1110 3692 1213 3752 ntor·
1226 3692 1388 3752 viderelus.

139 3847 143 3854 ,
186 3786 207 3840 P
226 3789 279 3845 688
379 3775 459 3839 Vlll.
501 3774 589 3836 Anno
605 3775 732 3855 liegiree
744 3779 818 3853 647,
831 3778 915 3838 cuius
927 3779 1043 3859 primus
1055 3777 1119 3838 diss
1131 3777 1190 3837 tuit
1201 3787 1307 3837 sextus
1315 3775 1390 3837 dsu'·

294 3883 362 3924 mus
374 3861 485 3942 Aprilis
502 3859 611 3921 lulisni
632 3881 709 3921 enno
732 3861 844 3922 Christi
859 3863 952 3942 1249,
965 3873 1084 3924 mortus
1101 3863 1233 3943 primurn
1247 3863 1388 3922 Tursciss

292 3957 388 4008 metre
405 3946 594 4008 dilectissimo
615 3947 870 4026 Csyuc-Cbsnis‚
895 3949 962 4030 ipse
981 3969 1053 4030 prae
1073 3948 1180 4009 delore
1206 3949 1309 4008 lecum
1323 3967 1388 4006 ruu-

294 4042 360 4092 tsns
384 4035 417 4092 in
439 4033 547 4092 itinere
568 4053 674 4092 versus
693 4041 794 4113 perles
816 4035 983 4094 orientales
1007 4037 1070 4094 isto
1093 4035 1215 4094 funebre
1229 4043 1291 4108 est,
1309 4051 1387 4094 nene

293 4117 343 4176 die
364 4119 474 4178 lisbius
498 4118 625 4199 prioris,
645 4118 727 4178 tertii
749 4119 858 4179 mensis
879 4121 913 4178 in
931 4139 1011 4180 enno
1034 4120 1180 4197 Arsbico,
1207 4117 1267 4178 boe
1286 4118 1388 4177 estdis

295 4200 538 4282 quinquagesimo
553 4205 709 4283 septimos
726 4204 862 4264 kalendis
874 4203 1072 4280 llubsrrsmi,
1094 4225 1170 4284 quse
1190 4213 1262 4264 note
1272 4204 1388 4262 numeri

294 4286 373 4348 diem
388 4287 467 4347 lunii
481 4288 672 4349 undecimum
684 4289 828 4369 designet.
869 4290 997 4351 turbetis
1008 4311 1045 4353 so
1059 4283 1217 4372 inopinsto
1239 4307 1314 4349 essu
1328 4289 1388 4349 llo·
