3009 4900
281 299 360 384 *vrri
739 277 777 344 P.
805 273 971 380 Possm

296 444 573 532 Dyrrhachiensis,
596 446 693 513 modo
713 446 881 536 Theolepti
901 444 1179 536 Philadelphiensis
1199 457 1300 538 partes
1314 458 1421 512 tuen-

297 553 402 618 tium?
444 553 514 640 quis
542 564 646 617 aestus
666 552 898 639 implacabiliter
918 551 1109 618 rixantium?
1144 573 1237 639 quam
1256 551 1420 616 immedi-

298 659 405 724 cabilis
431 661 518 721 furor
549 656 674 720 obnixis
702 655 940 721 irrevocabiliter
972 653 1081 719 studiis
1104 675 1174 720 sese
1193 667 1301 719 mutuo
1324 657 1420 719 infe-

299 759 472 828 stantium?
522 761 609 823 coelo
638 760 730 846 ipso,
761 759 846 823 cuius
877 758 916 824 de
944 760 1057 824 vestris
1082 759 1297 826 controversiis
1323 757 1418 821 iudi-

298 866 382 929 cium
411 865 467 927 illo
498 862 731 944 Atramyttiensi
761 874 912 927 conventu
940 883 997 949 per
1022 859 1176 948 quandam
1195 862 1418 950 superstitiose

298 971 451 1032 curiosam
470 967 698 1052 pyromantiam
719 965 916 1052 exploratum
946 967 1089 1046 iverstis,
1124 967 1218 1054 partis
1248 965 1417 1051 utriusque

298 1071 420 1160 scriptis
441 1089 526 1134 sacra
544 1069 673 1132 flamma
694 1067 942 1148 concremandis,
969 1070 1136 1132 luculenter
1159 1067 1331 1133 declarante
1354 1089 1417 1132 ae-

298 1197 359 1266 quo
383 1171 489 1238 omnia
508 1183 610 1236 vestra
633 1173 844 1236 conventicula
868 1169 928 1234 deo
954 1192 1025 1235 esse
1045 1193 1080 1235 ac
1104 1173 1223 1260 superis
1246 1191 1356 1238 exosa.

400 1273 460 1340 lv.
501 1273 564 1340 Sed
583 1277 691 1338 frustra
711 1275 886 1339 laboramus
907 1271 1110 1338 admonendis
1132 1276 1172 1339 iis
1192 1297 1270 1361 quos
1290 1276 1413 1343 voluu-

296 1378 373 1445 taria
397 1377 527 1443 meritas
555 1397 574 1442 a
601 1376 758 1460 ridendo,
794 1376 879 1464 quod
909 1379 1015 1464 palam
1043 1389 1107 1459 est,
1139 1379 1294 1466 prohibet.
1346 1397 1411 1442 uos

249 1506 252 1510 ⁴
298 1484 404 1573 potius
438 1483 522 1545 hunc
547 1483 680 1544 fructum
709 1503 752 1545 ex
782 1481 875 1546 huius
901 1481 1047 1546 historiae
1074 1481 1206 1546 lectione
1228 1485 1410 1560 reseramus,

299 1599 336 1650 ut
367 1607 431 1650 non
465 1582 665 1649 dubitandum
687 1595 830 1671 putemus
864 1585 997 1674 amplius
1030 1582 1104 1670 quin
1139 1583 1179 1648 ad
1216 1581 1409 1672 puniendum

301 1689 489 1755 Graecormn
510 1688 544 1750 in
558 1687 688 1752 Oriente
707 1689 924 1775 imperantium
942 1689 1074 1753 schisma
1097 1699 1271 1769 contumax,
1291 1685 1409 1768 dogma

298 1795 482 1880 reprobum,
506 1789 582 1855 deus
605 1791 846 1856 Ottomanorum
868 1793 1040 1878 potentiam
1062 1791 1249 1859 excitaverit.
1301 1789 1407 1854 statim

170 1908 181 1933 ¹
298 1901 366 1960 lere
391 1907 483 1982 atque
508 1892 697 1959 Andronicus
717 1893 917 1977 Palaeologue
935 1895 1048 1966 ‚senior
1071 1917 1199 1982 compos
1226 1897 1322 1958 iactus
1343 1892 1407 1956 im-

299 1999 379 2088 perii
405 1999 488 2063 vires
515 1996 583 2060 eius
610 1999 760 2062 convertit
781 1998 940 2062 universas
974 1997 1014 2060 ad
1041 1996 1282 2062 labefactandam
1310 1995 1407 2060 extir-

300 2101 492 2189 pandamqus
512 2103 551 2164 ab
565 2100 633 2164 eius
653 2113 737 2188 patre
758 2099 911 2165 illichaiile
931 2101 1042 2164 initam
1063 2123 1133 2164 cum
1148 2101 1313 2189 apostolica
1332 2097 1407 2163 sede

299 2204 511 2287 concordiam,
537 2215 699 2290 eruperunt
720 2226 740 2267 e
758 2203 884 2268 Perside
905 2205 939 2266 in
963 2202 1151 2268 Christianae
1172 2215 1265 2268 terras
1290 2205 1406 2265 tumul-

299 2309 414 2371 tuariae
441 2309 595 2371 latronum
621 2328 742 2371 manus.
793 2309 904 2370 harum
928 2305 994 2371 dux
1027 2305 1136 2387 unius,
1177 2327 1272 2394 quem
1301 2315 1404 2369 noster

297 2413 463 2476 htrnanem
490 2420 598 2489 vocat,
640 2410 709 2473 aliis
744 2407 932 2475 Ottomanes
965 2408 1158 2490 nominatus,
1200 2433 1241 2474 ex
1276 2412 1404 2474 obscuro

297 2526 407 2598 egents
435 2515 558 2577 infirmo
591 2511 789 2577 inclarescere
823 2510 912 2575 ditari
944 2512 1132 2577 corroborari
1161 2512 1307 2599 paulatim
1340 2533 1403 2575 non

298 2619 405 2697 desiit,
426 2616 527 2704 quoad
548 2616 673 2694 multis,
693 2628 786 2702 prout
814 2614 1022 2698 Pachymeres
1050 2615 1183 2703 sparsim
1204 2616 1255 2679 hic
1282 2634 1403 2678 memo-

297 2733 359 2801 rat,
385 2732 491 2786 auctus
511 2718 715 2798 successibus,
740 2718 863 2804 praedis
889 2720 1106 2806 locupletatus,
1135 2719 1253 2783 arcibus
1281 2718 1403 2782 urbibus

297 2824 466 2913 provinciis
492 2843 567 2888 suae
594 2822 704 2887 ditioui
739 2819 887 2900 subditis,
926 2820 1041 2885 Prusae
1067 2820 1210 2902 taudem,
1244 2842 1336 2909 quem
1368 2821 1401 2883 in

298 2927 446 3009 Bithynia
480 2936 696 3012 occupaverat,
722 2946 851 3007 regnum
871 2924 1018 3005 instituit,
1051 2924 1127 2987 circa
1149 2924 1263 2989 Christi
1290 2944 1401 2987 annum

297 3030 501 3095 millesimum
526 3028 791 3108 trecentesimum,
818 3026 984 3093 Andronici
1010 3028 1107 3091 nostri
1127 3027 1219 3093 huius
1243 3028 1276 3091 in
1303 3030 1402 3115 impe·

298 3134 346 3197 rio
375 3131 668 3196 duodevicesimam.
719 3130 884 3195 Ottomani
903 3132 955 3217 qui
977 3132 1100 3212 triginta
1120 3130 1237 3195 circiter
1257 3142 1328 3219 post
1346 3150 1402 3191 an-

299 3237 349 3301 nis
377 3236 522 3300 successit
547 3236 580 3297 in
607 3256 702 3318 regno
729 3234 876 3297 morienti
909 3234 991 3297 filius
1023 3233 1200 3314 Orchanes,
1232 3246 1318 3322 capta
1345 3232 1401 3295 Ni-

300 3360 373 3403 caea
416 3340 510 3403 altera
543 3337 627 3420 regia
661 3336 906 3420 Byzantinorurn
940 3337 1159 3417 Augustorum,
1192 3334 1402 3401 Nicomediam

301 3453 461 3531 praeterea
482 3442 673 3528 reliquasque
690 3452 802 3505 tractus
830 3440 897 3504 eius
924 3439 1063 3504 civitates
1085 3443 1226 3523 inclytas,
1245 3452 1311 3503 turn
1331 3438 1400 3522 My-

300 3547 383 3612 siam
408 3544 596 3628 Lycaoniam
614 3544 783 3626 Phrygiam
806 3542 927 3609 Cariam
955 3556 1135 3630 cunrtasque
1158 3542 1197 3606 ad
1219 3543 1400 3629 Hellespon-

299 3660 368 3713 tum
393 3661 426 3713 et
447 3646 603 3711 Euxinum
623 3648 782 3731 regiones,
807 3644 951 3711 Romano
980 3659 1099 3733 ereptas
1127 3668 1184 3711 suo
1212 3644 1321 3710 adiecit
1340 3646 1401 3709 im-

298 3751 397 3840 perio.
447 3752 533 3816 cuius
554 3750 648 3814 etiam
668 3749 767 3813 adhuc
783 3750 937 3831 regnantis
959 3750 1102 3838 auspiciis
1124 3748 1299 3813 Solimanes
1313 3747 1401 3829 fiius,

298 3866 371 3919 ante
398 3867 517 3942 patrem
548 3852 659 3917 deinde
693 3864 856 3933 mondus,
881 3853 914 3916 in
945 3852 1109 3917 Thraciam
1137 3852 1291 3916 traiiciens
1312 3850 1402 3917 Otto-

298 3956 429 4021 manicis
458 3950 580 4043 primus
607 3956 765 4045 Europam
792 3956 887 4021 armis
916 3954 1071 4021 delibavit.
1122 3955 1166 4019 sic
1194 3967 1313 4038 gastum
1340 3954 1402 4018 Or-

298 4062 413 4125 ohanes
441 4063 530 4125 annis
557 4060 676 4125 duobus
700 4070 731 4123 et
751 4059 863 4141 viginti
884 4060 1087 4147 principatum
1113 4060 1282 4123 transmisit
1308 4058 1400 4122 Amu-

242 4148 248 4157 ’
299 4164 357 4229 rati
386 4184 425 4227 ex
454 4184 490 4227 so
517 4164 640 4247 genito,
666 4162 821 4250 superstiti
845 4164 967 4243 relicto,
992 4164 1045 4248 qui
1065 4162 1207 4249 Callipoli
1234 4160 1400 4225 Hadriano-

299 4266 366 4356 poli
392 4279 425 4333 et
447 4266 590 4333 subiectis
613 4267 681 4333 urbi
709 4266 827 4353 utrique
857 4266 1033 4349 regionibus
1061 4264 1236 4331 Romanam
1264 4264 1400 4329 minuens
