3009 4900
277 291 356 382 oro
558 288 814 360 ,ousuuvsu
838 288 1073 361 rscnnmn
1185 335 1192 350 .

277 451 418 542 mneos
430 449 582 542 dudem
595 458 715 540 spot&
724 451 761 521 td
776 447 1019 540 μονοβᾶμβυὶον.
1040 463 1110 516 astte
1120 453 1179 515 hoe
1191 465 1262 514 erat
1275 451 1413 530 ahud,

276 546 313 604 s'ss
327 541 412 625 quod
422 547 596 623 promissus
609 542 820 603 oonvnss'sdosst
839 563 941 604 omnes
958 544 1013 623 qui
1032 551 1170 622 cuperent
1186 543 1268 600 seire
1294 559 1411 621 queas

274 630 378 690 ederus
383 629 599 708 potrioeolsam
613 638 760 703 oreoerm
781 637 810 687 st
823 625 906 688 illud
921 623 1107 709 διβᾶμβνλον
1120 625 1297 685 dioebotrsr.
1344 626 1410 684 ita

275 714 325 774 illi
337 715 441 789 smbo;
459 723 491 776 st
501 712 561 775 hoo
572 713 714 774 oontinne
724 712 856 794 probsnt
868 712 996 794 prolato,
1012 732 1100 792 quens
1113 731 1204 792 suprs
1216 709 1409 790 descripte,

275 798 444 860 Phrsntsse
463 807 517 859 sut
534 800 636 881 potius
656 797 781 860 Pontsni
797 797 877 860 loeo.
919 796 972 857 ssd
992 796 1027 856 in
1045 795 1105 858 hoo
1126 807 1297 875 utrumque
1321 797 1408 855 tnui

276 905 342 944 non
353 883 549 962 diffitebitur,
572 884 624 966 qui
641 883 803 944 sttsndorit
815 901 904 963 quem
920 881 1048 942 ridicule
1060 881 1208 942 dinerstur
1220 901 1240 940 e
1260 881 1406 940 Godirso

276 964 417 1052 δεύτερος
428 962 581 1049 o’aersdpsor
598 971 719 1049 werris
734 963 770 1032 sd
783 963 1034 1050 μονοβᾶμβυλον,
1053 963 1202 1026 secundus
1221 968 1406 1025 ostiarius

277 1075 375 1113 manu
396 1065 498 1115 tenens
516 1053 804 1131 Monobombulum,
832 1053 858 1112 si
875 1051 1136 1112 Monobembuium
1158 1050 1272 1110 atrium
1290 1059 1401 1124 uses.

276 1139 367 1219 qnsls
377 1139 485 1218 utique
498 1159 596 1198 manu
608 1149 704 1197 tenen
719 1137 791 1216 (hoo
806 1137 883 1198 enim
901 1147 946 1197 est
959 1136 1090 1218 κρατεῖν)
1103 1156 1189 1195 nemo
1204 1155 1287 1194 unus
1306 1145 1402 1216 pot-

276 1233 332 1284 est.
368 1223 451 1284 unde
462 1223 649 1283 menifestum
661 1233 708 1283 est
726 1243 766 1282 ex
778 1231 876 1284 mente
889 1221 994 1282 Godini
1007 1220 1270 1282 Monobnmbuluns
1285 1221 1400 1282 fssisso

277 1326 342 1370 rens
364 1307 493 1387 sliqusm
516 1327 607 1368 msnu
628 1308 806 1387 gestsbilern.
847 1307 1024 1388 reperitote
1044 1305 1304 1386 srgumentiidem
1324 1306 1398 1366 erit

277 1391 468 1452 statuendum
485 1391 523 1452 ds
538 1393 730 1470 Dibssnbulo,
751 1391 833 1472 quod
850 1392 981 1453 eiusdem
994 1391 1110 1452 formes
1127 1411 1163 1450 so
1176 1390 1296 1468 generis
1314 1409 1395 1451 esee

276 1486 428 1555 gestsmen
448 1477 585 1539 debuisse
604 1488 635 1538 st
658 1478 736 1539 ratio
747 1478 913 1538 communis
927 1477 1018 1557 etymi
1034 1487 1063 1536 et
1078 1477 1165 1536 series
1178 1476 1244 1554 ipss
1262 1495 1393 1535 nem·
1501 1471 1502 1476 '

278 1560 371 1622 tionis
384 1561 557 1640 Phrsntrse,
576 1573 607 1623 et
626 1572 660 1623 ut
676 1563 789 1623 adrem
800 1583 893 1622 mesor
908 1562 1034 1632 redeam,
1056 1560 1106 1620 hio
1121 1559 1311 1638 Psohymeris
1327 1561 1390 1620 lo·
1502 1560 1503 1630 t

279 1666 334 1707 ons
350 1656 465 1708 tsntnsn
479 1668 540 1708 non
562 1646 778 1708 evidentissime
792 1647 1005 1708 demonstrent.
1055 1665 1141 1726 quem
1160 1645 1240 1705 enim
1261 1653 1385 1724 quaeso
1502 1641 1503 1736 i

277 1742 404 1814 possent
421 1753 545 1794 sensum
569 1734 753 1794 tolerabilem
775 1731 883 1794 hebere
902 1731 994 1793 verbs
1013 1729 1086 1790 hseo
1110 1729 1206 1791 nostri
1228 1730 1385 1806 motoris,

272 1818 459 1897 patriarcha
474 1821 632 1900 postorali
647 1819 757 1878 baculo
783 1817 824 1876 ab
847 1819 1026 1897 imperatore
1045 1827 1181 1894 accepto,
1202 1814 1385 1874 honoratur

277 1915 309 1960 et
328 1901 522 1979 ditandum,
542 1903 809 1964 imitamentum
827 1902 935 1963 strium
956 1909 1032 1962 esset
1049 1900 1204 1961 exterius?
1226 1899 1384 1980 quidnsm

275 1985 369 2064 igitur
396 1986 448 2049 hio
474 1987 640 2067 signitiosrs
659 1987 853 2068 Pschymeres
882 1987 982 2048 voluit
1006 1985 1097 2047 verbo
1122 1985 1381 2045 Dibnmbulum?

276 2069 358 2132 idem
375 2074 439 2134 sino
453 2073 545 2134 dubio
581 2075 644 2135 nod
657 2074 728 2134 eliss
743 2073 853 2134 olerius
868 2071 1031 2154 expressit,
1051 2071 1123 2130 dum
1140 2071 1235 2131 refert
1254 2069 1330 2144 (vol.
1356 2067 1380 2129 1

274 2177 308 2238 p.
330 2161 392 2228 112
404 2179 434 2219 v.
450 2162 490 2227 10
505 2095 584 2240 “lid
595 2161 728 2221 solicitos
742 2159 889 2220 antistites
903 2179 937 2218 eo
955 2155 1037 2238 quod
1053 2156 1192 2217 Arrenius
1205 2175 1223 2214 e
1237 2154 1379 2236 petrisr-

273 2241 347 2302 ohio
363 2243 397 2302 in
417 2246 629 2306 monesterium
646 2254 754 2326 sponte
771 2245 917 2325 profugus
934 2242 1047 2322 scripto
1062 2261 1234 2320 expressum
1251 2239 1380 2300 sbdioe-

272 2327 385 2385 tionem
398 2327 470 2386 ders
484 2339 606 2406 rogetus
618 2339 800 2406 rsonsssset,
821 2340 856 2390 ut
876 2328 992 2408 aliquid
1006 2325 1150 2387 heberent
1162 2325 1290 2404 scriptio
1304 2343 1379 2384 ees-

271 2408 352 2468 sioni
370 2409 576 2489 seqnivslens,
600 2413 637 2471 sb
659 2433 694 2472 eo
708 2415 807 2492 repeti
820 2433 937 2474 ourssse
950 2412 1114 2495 βακτηρίαν
1127 2409 1179 2473 soi
1191 2410 1378 2490 λαμπαδοῦ-

269 2514 325 2573 2os
340 2493 486 2555 saeuum
502 2507 531 2553 et
548 2496 784 2572 candelabrum,
807 2498 868 2561 reti
881 2498 907 2558 si
925 2518 958 2557 ee
972 2496 1148 2559 reddidisset
1160 2514 1214 2575 per
1229 2514 1304 2573 quse
1315 2495 1375 2553 in-

269 2578 397 2639 restitns
418 2579 624 2661 pstrisrohstu
646 2583 761 2657 fueret,
783 2580 843 2641 hoc
857 2582 926 2663 ipso
941 2582 1012 2642 setis
1031 2582 1223 2642 iudiceturum
1244 2578 1306 2637 sedi
1330 2596 1369 2637 se

267 2664 460 2745 renuntiare,
481 2686 517 2725 so
537 2667 662 2727 liberem
682 2666 798 2747 synodo
819 2666 970 2727 foetorum
994 2667 1034 2727 sd
1052 2685 1157 2728 novem
1176 2660 1369 2744 petrisrohse

270 2748 445 2811 electionem
467 2753 651 2833 procedendi
674 2762 860 2833 poteststem.
909 2750 963 2811 hio
988 2750 1150 2813 neeesssrio
1178 2750 1216 2807 de
1240 2748 1370 2827 entique

270 2834 368 2894 iorsns
383 2837 617 2915 insngnmtionis
635 2839 843 2920 episcoporum
858 2838 1054 2918 repetendum
1069 2856 1085 2897 e
1098 2834 1297 2895 monumentis
1311 2853 1371 2893 eo-

270 2920 443 2981 elesissticis
461 2923 575 3001 sliquid
597 2934 651 2985 est.
692 2927 825 3005 primum
846 2932 945 2983 eutem
962 2923 1107 2983 sdmoneo
1121 2920 1370 2980 consuetudinem

269 3004 411 3064 eoelesise
426 3006 556 3086 Latione,
571 3018 609 3067 nt
621 3010 655 3069 in
671 3010 737 3069 eliis
750 3008 902 3090 plurimis,
915 3008 959 3067 sio
973 3009 1003 3065 in
1017 3007 1106 3066 hocs
1123 3006 1253 3065 Groeese
1265 3004 1369 3064 usibus

268 3088 462 3169 discrepssss.
505 3094 536 3155 S.
552 3094 721 3155 Bernsrdus
734 3113 823 3158 serm.
842 3093 872 3151 in
893 3093 990 3151 Coeus
1008 3089 1140 3151 Dominis
1162 3092 1271 3149 variae
1283 3098 1367 3165 sunt,

267 3172 605 3253 inquit,-s'rsvestiturae
618 3176 784 3238 secundnm
802 3198 839 3237 ea
861 3175 897 3236 ds
917 3176 1029 3255 quidus
1054 3176 1244 3237 investimur.
1285 3173 1370 3234 verbi

264 3264 376 3337 grotta
388 3263 551 3323 invertitur
564 3267 732 3323 canonieus
741 3286 798 3343 per
812 3262 933 3339 tibrim,
955 3260 1051 3320 abbas
1060 3282 1115 3341 per
1126 3259 1282 3337 baculum,
1303 3261 1369 3339 spi-

265 3362 377 3421 scopus
385 3366 442 3423 per
455 3346 603 3407 taculum
617 3360 646 3407 et
661 3350 813 3409 annulum
824 3348 928 3408 simul.
962 3346 1004 3406 its
1017 3346 1076 3406 ille.
1112 3346 1235 3404 ecclesie
1253 3344 1369 3403 Grsees

264 3428 328 3488 dno
347 3430 468 3507 quidem
490 3442 520 3491 et
538 3433 603 3514 ipss
621 3434 806 3493 coniunctim
828 3430 965 3491 edhibnit
984 3428 1118 3510 symbols
1136 3428 1170 3489 in
1186 3428 1368 3489 conterende

266 3512 370 3573 sisotis
388 3516 558 3594 pastoribus
577 3528 608 3578 et
631 3519 747 3600 sponsis
768 3516 959 3577 eoelesisrnm
983 3513 1160 3595 episcopalis
1180 3515 1368 3595 possessione

266 3596 439 3676 dignitstis,
459 3620 536 3681 quse
554 3602 694 3663 similiter
712 3601 925 3683 responderent
945 3599 1061 3660 duobus
1078 3600 1248 3659 memorstis
1268 3599 1367 3659 titulis

260 3686 401 3763 postoris
421 3694 452 3745 et
472 3691 589 3766 epomi.
631 3698 661 3748 st
679 3688 710 3747 in
730 3688 829 3768 primo
852 3686 1008 3745 dumtsxet
1034 3704 1102 3743 cum
1120 3684 1234 3743 Latinis
1259 3682 1367 3743 Grseoi

264 3770 493 3846 convenientes,
515 3773 547 3831 in
570 3774 729 3853 posteriori
752 3772 917 3851 lampadem
942 3770 1057 3851 sponsis
1081 3768 1225 3849 praeferri
1245 3768 1367 3828 solitsm

264 3870 305 3910 ex
318 3853 486 3931 evengelies
504 3858 646 3938 perebols
661 3868 692 3918 et
707 3878 766 3919 usu
781 3856 978 3918 Orientslium
994 3854 1162 3927 nationum,
1184 3854 1223 3912 ed
1240 3854 1367 3933 nuptis-

262 3933 323 3995 lem
335 3940 532 4001 oeremonissn
547 3941 890 4015 accommodatissimum,
912 3940 1025 3999 sunnio
1043 3939 1261 4018 praetulerunt,
1276 3956 1365 4019 quern

262 4025 362 4081 temen
383 4024 584 4087 Ooeidsntslis
603 4028 643 4086 sd
668 4027 702 4086 id
722 4026 822 4107 potins
848 4024 984 4085 adhibuit
1005 4023 1143 4099 ecclesio,
1165 4032 1201 4083 nt
1223 4021 1364 4104 populari

263 4102 342 4162 forte
354 4108 487 4181 gentium
501 4112 721 4192 Europsesrum
734 4111 811 4171 mori
825 4110 1036 4189 congruentius
1054 4092 1219 4183 coniugalis
1233 4106 1364 4168 nscessi-

264 4184 379 4262 mffiflit
395 4192 522 4269 tignum.
564 4195 710 4277 quidquid
730 4216 823 4275 porro
840 4196 919 4256 ciros
932 4194 991 4255 hoo
1005 4195 1038 4253 in
1052 4193 1269 4254 consuetudine
1283 4192 1366 4267 [assti-v

266 4274 491 4358 nominarit,
508 4279 636 4345 Asisnos
648 4282 770 4363 quidem
783 4280 940 4363 episcopos
950 4278 1097 4363 lsmpedis
1110 4278 1295 4361 praeistione
1309 4294 1365 4338 su·
