3009 4900
262 261 339 337 ouu
429 231 433 237 ’
564 261 801 334 ousnuvtr.
822 261 1057 332 Pectthssttt.

263 421 385 514 acepit,
404 436 525 512 tempu·
534 427 679 490 nimirum
692 429 777 512 priua
786 427 866 490 illud
877 428 1041 516 armentia
1053 427 1209 490 bneteiani
1222 427 1405 490 oeniam·
1497 455 1498 474 1

264 517 328 591 tia,
349 515 399 576 vel
410 515 513 596 ipauut
524 515 590 576 eiua
602 513 773 575 echiematie
786 535 904 577 oaaaatn
927 524 979 575 aut
990 524 1177 596 praetextum
1190 515 1409 596 exp-ariar-

263 600 354 662 cham
368 599 543 678 Amadum,
562 601 647 661 cradi
662 603 783 681 poterit.
828 609 983 682 comparat
997 602 1077 661 enim
1095 602 1186 660 tacite
1200 600 1410 660 historicus

264 688 325 749 duo
338 695 491 768 tempora,
513 686 620 765 quibua
629 685 759 746 aimiletn
773 686 980 766 imputantium
1000 685 1152 747 metiendi
1163 685 1316 745 hliclaatil
1337 685 1413 744 im-
1485 762 1486 766 Ἰ

261 781 387 856 parator
398 771 579 849 ostenderit,
599 770 684 853 priua
697 771 860 832 exorientia
874 772 930 832 auh
942 769 1147 852 patriarchatu
1164 770 1299 850 loaephi
1325 772 1412 830 Ar-

261 858 400 920 tenianaa
418 855 575 934 londonie,
602 857 775 918 auctoribua
799 857 928 918 maxime
951 855 1125 935 monachie3
1154 855 1186 915 in
1200 877 1286 935 quoa
1309 855 1411 916 idaeo

263 943 399 1023 ienpulru
422 941 561 1023 loeepbi‚
587 941 674 1002 iueau
691 941 817 1020 Augneti
838 941 984 1020 Georgius
1003 942 1179 1023 Acropolita
1192 941 1414 1001 immuniter

263 1038 414 1108 praeeatua
430 1026 606 1088 ulcienando
622 1027 677 1104 ait,
705 1031 842 1108 potentie
858 1021 1063 1108 αἰκιζόμενος,
1084 1028 1216 1108 talpam
1239 1049 1414 1109 κρεμαν-

264 1111 367 1189 vo'ou,
388 1114 552 1194 praeitur,
574 1112 657 1172 omni
674 1107 858 1173 madelitatia
877 1122 908 1174 et
920 1113 1099 1192 ignominiae
1112 1131 1219 1190 genera
1237 1113 1414 1171 creden·

265 1219 304 1260 ac
324 1198 523 1258 dehonestum
544 1197 729 1258 vambilea
751 1198 868 1280 populo
893 1199 1079 1278 proioaaorea
1097 1197 1177 1258 vitae
1199 1197 1413 1275 religione,

263 1305 303 1345 ex
328 1283 437 1344 celebri
456 1283 630 1363 prueeartina
652 1285 850 1361 munterte,
885 1285 1085 1364 Pantepoptae
1108 1283 1207 1358 dicto,
1238 1303 1334 1360 quos
1367 1291 1411 1342 et

262 1377 422 1450 poetquam
437 1370 515 1430 mala
529 1369 728 1428 mulctaverat
738 1369 892 1430 exulatum
904 1369 1089 1430 amandabat.
1127 1377 1206 1427 tuno
1219 1387 1411 1428 ucecen-

262 1463 311 1514 toa
328 1453 422 1513 luiaae
439 1452 514 1514 iatoa
533 1455 742 1532 auteaignenae
761 1453 940 1514 dreenlanaa
959 1455 1069 1536 partia,
1094 1471 1167 1531 quoe
1180 1455 1406 1514 convincere

264 1548 296 1600 et
308 1539 348 1598 ad
361 1539 555 1600 concordiam
567 1541 712 1600 reducere
726 1550 852 1599 conatur
867 1540 956 1620 longo
971 1549 1040 1620 poat
1060 1549 1194 1618 tempore
1206 1537 1402 1598 Androni-

263 1644 319 1684 cue
339 1634 399 1699 eat,
432 1633 526 1706 prout
545 1627 640 1687 refert
656 1633 759 1685 notter
770 1624 834 1686 eiua
848 1623 992 1686 historiae
1006 1645 1037 1703 p.
1051 1625 1116 1690 462
1128 1623 1202 1696 nd,
1225 1623 1395 1702 equid·-

263 1709 460 1788 crediderim,
488 1731 559 1771 oum
577 1711 611 1771 ld
630 1711 700 1770 alibi
720 1721 875 1770 puratum
890 1711 927 1770 ab
947 1731 984 1770 eo
996 1708 1165 1770 dictinctiue
1178 1727 1242 1768 nou
1261 1709 1394 1786 tegam.

262 1804 340 1877 puto
354 1804 453 1857 autem
467 1796 542 1857 ietoa
556 1796 611 1856 tali
624 1815 711 1856 cauea
725 1803 756 1854 et
771 1804 908 1876 tempora
930 1795 1065 1876 privator
1080 1794 1176 1853 oculis
1188 1793 1391 1871 monachu,

263 1881 356 1942 vol.1
381 1903 412 1962 p.
432 1883 497 1948 489
511 1900 541 1942 ν.
555 1886 606 1948 16.
627 1902 645 1940 ι
669 1876 852 1960 Pachytnere
873 1880 1038 1955 indicator,
1070 1877 1214 1958 populari
1233 1880 1384 1956 nomine,

264 1985 328 2046 quo
347 1987 366 2026 a
387 1966 450 2026 auia
468 1965 640 2027 Amenianie
651 1965 848 2048 pertinaciter
864 1965 897 2025 in
911 1966 1056 2026 sententie
1067 1963 1258 2024 haerentibua
1272 1965 1382 2043 vulgo

262 2051 506 2132 appellabantur,
532 2045 637 2116 κόκκοι
653 2054 797 2132 pouapol,
832 2071 900 2112 cum
920 2051 1011 2112 laude
1038 2069 1074 2110 ac
1103 2049 1378 2110 commendatione

262 2145 417 2217 tamquam
432 2137 617 2198 cculmaorae
629 2137 774 2199 celebrari
794 2136 896 2198 abbia
914 2138 1035 2212 eolitoa,
1056 2135 1205 2196 vocabulo
1224 2134 1378 2196 videlicet

262 2224 372 2284 nerino
385 2226 474 2299 coeci,
495 2231 531 2283 ut
544 2222 600 2282 alia
612 2223 706 2283 molta
717 2241 773 2304 per
785 2222 817 2283 id
828 2231 957 2304 ternpua,
979 2223 1109 2282 Graecae
1124 2219 1222 2301 plebis
1233 2239 1293 2280 uau
1306 2221 1377 2282 lra-

263 2316 406 2383 quentato
428 2317 459 2365 at
478 2327 621 2386 expreaao
638 2309 761 2369 Graecia
783 2309 893 2382 litaria;
920 2317 957 2368 ut
977 2309 1055 2368 sorte
1067 2305 1224 2384 legendnm
1245 2305 1313 2364 illic
1325 2305 1376 2366 ait

261 2395 379 2465 καῖκοι,
403 2399 455 2448 aut
475 2391 561 2450 iuxta
583 2391 764 2470 acripturarn
788 2393 894 2453 multia
914 2393 1087 2454 Latinorum
1102 2391 1241 2451 usitatam
1252 2395 1371 2470 κοῖκοι,

262 2474 345 2553 quod
361 2473 490 2553 propina
514 2494 532 2533 a
553 2470 658 2537 κόκκοι
679 2476 784 2542 aberit.
829 2498 950 2537 coecum
967 2480 1048 2539 anim
1068 2496 1122 2557 per
1143 2474 1368 2555 diphthongum

261 2578 299 2618 oe
317 2579 335 2617 a
356 2558 459 2619 multia
475 2560 666 2632 latinorum,
693 2562 876 2621 vocabulum
901 2568 1007 2649 τυφλῷ
1035 2564 1145 2622 Graeco
1163 2558 1363 2639 rapendune,

261 2644 354 2704 ecribi
379 2646 413 2703 in
432 2665 496 2705 non
516 2645 622 2727 paucia
640 2644 805 2727 hodieque,
832 2656 869 2707 ut
891 2651 1063 2709 nundinam
1084 2646 1246 2727 plerisque,
1266 2645 1364 2703 etiam

262 2730 386 2810 antiqua
400 2732 530 2791 exaratio
544 2751 653 2809 manu,
674 2732 807 2792 cernitur
820 2731 915 2795 lihria.
959 2754 1019 2817 qua
1032 2734 1184 2794 occaaione
1198 2748 1260 2790 non
1272 2748 1366 2789 vera-

261 2815 319 2875 bor
339 2817 439 2876 dicere
458 2818 537 2878 forte
557 2819 646 2877 iatam
670 2817 918 2896 emendatiorem,
944 2828 1051 2901 utpote
1065 2815 1368 2878 accommodatiorem

262 2901 302 2961 ad
318 2910 471 2981 elymum,
494 2902 690 2984 acriptioneur
712 2923 784 2965 aare.
827 2904 923 2965 video·
938 2903 1176 2965 accuratietimoa
1193 2904 1371 2981 grammati·
1497 2948 1498 2955 ι

263 3003 318 3046 coe
336 2987 514 3046 multumne
536 2998 737 3066 contorquere
750 2988 782 3047 in
798 2989 992 3070 disquirenda
1015 2989 1129 3068 origine
1147 2988 1234 3048 vocia
1250 3009 1370 3048 coecus.

263 3070 414 3145 laidorue,
441 3071 598 3145 Perottue,
628 3074 832 3151 lleoernbriua,
861 3075 949 3135 relati
969 3074 1104 3135 aVoaaio
1119 3074 1152 3133 iu
1166 3092 1223 3133 auo
1236 3093 1370 3132 accura-
1497 3068 1498 3085 ³

263 3155 379 3215 tieaimo
399 3156 627 3238 Etymologico,
656 3179 781 3217 caecum
801 3178 856 3241 per
878 3180 913 3221 ae
935 3160 1097 3221 aotibentea
1117 3180 1135 3218 a
1156 3158 1287 3217 carendo
1312 3166 1368 3218 ant
1497 3190 1498 3207 ι

265 3238 412 3319 cupiendo
426 3242 542 3303 dictum
563 3253 741 3320 autumant,
764 3245 847 3324 quod
863 3246 1004 3305 nimirum
1018 3255 1121 3305 careat
1135 3254 1187 3303 aut
1197 3255 1312 3323 captus
1322 3246 1368 3301 eit

264 3326 372 3401 oculu,
393 3327 476 3405 quod
489 3338 526 3387 ut
538 3328 627 3407 longe
640 3329 788 3409 petitum,
810 3330 910 3391 nullua
922 3352 985 3390 non
996 3328 1187 3389 emunctioria
1204 3330 1298 3409 paulo
1313 3350 1368 3388 na·

262 3410 305 3471 ria
319 3411 502 3471 transmittat
514 3412 619 3472 lector.
662 3414 819 3474 liartiniue
832 3424 991 3495 postquam
1007 3436 1025 3474 a
1040 3418 1152 3475 Graeco
1167 3416 1266 3478 nutem
1279 3436 1368 3473 urm

263 3507 386 3556 caecum
402 3495 500 3555 videri
515 3498 677 3557 formatum
690 3500 865 3580 proposuit,
882 3502 960 3561 elcut
972 3499 1090 3579 τυφλόν
1102 3520 1119 3559 a
1131 3494 1222 3577 τύφω
1233 3498 1366 3559 accendo

263 3580 449 3659 (neutiquam
460 3581 492 3639 in
507 3580 567 3641 hoc
580 3582 640 3662 ipai
655 3589 832 3645 enuntiante
852 3586 967 3646 Graeco
981 3580 1233 3669 Etymolopiata),
1255 3585 1369 3646 deinde

261 3665 351 3743 longe
362 3665 541 3748 prudentiua
552 3669 664 3728 fatetur
678 3673 761 3728 coeci
780 3670 1005 3750 originationem
1017 3674 1107 3750 plane
1123 3690 1242 3731 caecam
1264 3681 1294 3731 et
1308 3692 1367 3729 oo-

263 3753 378 3811 oultam
392 3772 466 3811 etue.
507 3752 582 3832 quid
598 3753 624 3813 ai
644 3764 743 3814 autam
768 3778 888 3816 coecum
908 3777 962 3838 per
985 3774 1021 3815 oe
1042 3754 1223 3831 acribarum,
1250 3766 1281 3815 et
1299 3756 1367 3815 eiua

263 3835 308 3894 alc
327 3836 434 3917 ecripti
452 3838 591 3897 vocabuli
608 3840 812 3917 veriloquium
827 3862 1010 3901 accersamus
1024 3860 1040 3899 a
1054 3846 1169 3900 Graeco
1183 3846 1264 3917 κοῶ,
1285 3841 1366 3919 quod

264 3928 311 3977 eat
321 3926 407 4000 voti,
427 3932 465 3981 ut
478 3922 519 3982 ait
531 3918 637 3997 κοῖκός
650 3924 729 3984 idem
749 3928 833 4005 quod
856 3922 970 4002 νοϊκός,
993 3927 1047 4003 qui
1063 3926 1127 3985 acie
1142 3927 1241 3986 aulum
1254 3926 1366 3985 mentio

264 4002 384 4080 videat,
410 4006 524 4067 intuitu
549 4009 706 4069 oculorum
728 4009 857 4073 ourenr'l
884 4032 955 4071 aene
972 4010 1147 4072 Euetathiua
1166 4014 1366 4093 παραβολαῖς

265 4085 309 4187 {fr
319 4084 414 4153 llud·
432 4096 492 4172 lp·
507 4098 571 4159 786
585 4094 632 4157 ed.
647 4096 733 4155 Rom.
747 4116 856 4157 vocem
880 4097 1024 4157 comicum
1037 4091 1185 4177 κοάλεμος
1201 4116 1364 4177 exponent,

264 4192 362 4248 'itm'
378 4174 504 4255 (inquit)
517 4177 553 4242 lv
565 4184 610 4264 cpi
617 4186 712 4252 ιιοιῖιι,
733 4178 805 4261 ἤτοι
820 4188 901 4246 notio
913 4176 1077 4261 ἀλώμενος.
1100 4200 1170 4259 ergo
1185 4188 1269 4246 κοιῑν
1281 4186 1366 4243 νοεῖν

265 4261 327 4332 0⁸15
347 4266 383 4316 ut
395 4256 504 4325 κοΐκόιι
518 4283 639 4324 coecum
651 4264 742 4347 primi
752 4267 852 4329 Latini
867 4267 997 4351 proiecti
1012 4286 1029 4327 a
1043 4267 1168 4329 Graecia
1182 4262 1253 4331 κατ’
1269 4261 1364 4346 etiop-
