3009 4900
375 303 455 382 uu.
479 301 536 372 Ill.
587 303 953 378 CHRONOLOGlCUS.
1141 309 1219 382 787

24 497 29 518 ι
86 470 256 548 collegsm
282 468 477 550 principatus.
528 476 650 549 apparet
666 468 760 550 igitur
776 469 837 534 ism
852 481 918 534 tom
936 471 989 533 illo
1008 493 1088 536 auno
1108 474 1217 536 Christi

88 559 195 621 1293
218 563 357 615 evectum
380 574 398 612 s
421 562 507 635 patre
525 553 557 615 in
573 571 742 616 consuram
758 555 886 638 Augusti
901 558 966 618 solii
980 559 1070 619 nias
1082 559 1216 622 ldichai-
1263 594 1269 610 ·

24 657 30 692 r
86 640 180 699 lem:
204 639 291 716 licet,
312 641 392 700 forts
405 649 531 719 propter
543 647 698 700 nutantem
713 641 767 700 illo
783 661 862 703 anno
876 644 1063 724 patriarchae
1078 645 1215 707 Athana·

24 743 29 782 i
88 726 132 784 sii
148 745 233 784 mox
247 725 433 785 exauctorati
448 725 631 804 dignitatem,
653 725 848 788 differendam
863 729 1053 790 Andronicus
1064 733 1216 811 putarent

24 833 29 868 ι
89 810 285 890 imperantis
304 829 404 870 secura
424 829 462 870 cx
485 819 559 870 tunc
578 809 632 870 lilii
649 810 798 872 ralebram
817 814 1072 894 inaugurationem
1091 817 1125 877 in
1138 817 1216 878 illud

24 921 28 956 ι
91 905 229 976 ternpus
244 915 304 974 quo
322 915 417 954 novus
434 893 604 976 patriarcha
620 895 743 956 [munes
757 899 877 959 &amas
890 899 923 960 in
938 900 1027 980 pleno
1042 921 1078 961 ac
1090 902 1215 983 pacifico

24 993 28 1046 ι
93 981 228 1058 aliquot
240 981 466 1040 iammensibus
479 980 654 1060 perstitisset
668 983 810 1042 exercitio
830 985 1036 1065 patriachalis
1050 989 1215 1067 potestatis,

24 1095 27 1130 ι
93 1075 131 1124 et
151 1065 198 1124 ad
214 1067 415 1144 augustiorem
432 1066 520 1125 istam
535 1068 730 1127 ceremoniam
747 1069 934 1132 reddendam
950 1081 1123 1152 expectatus
1137 1083 1214 1132 esset

24 1173 27 1218 l
96 1151 170 1210 dies
186 1151 376 1211 Constantini
389 1152 547 1231 Byzantini
561 1152 676 1232 imperii
693 1153 862 1216 fundatoris
873 1156 1076 1216 anniversaria
1089 1158 1214 1218 celebri-

24 1269 26 1306 .
97 1245 168 1294 tate
187 1237 318 1314 insignis.
361 1237 482 1316 nuptias
502 1235 611 1296 deinde
627 1237 758 1300 eiuadnn
779 1239 929 1302 stretona
943 1241 1069 1321 Augusti
1090 1243 1214 1303 iunioris

24 1357 28 1394 ,
99 1341 177 1380 curn
195 1323 288 1380 Maria
309 1321 367 1380 lilia
383 1323 459 1402 regis
473 1321 642 1399 Armeniae,
664 1323 685 1383 l.
703 1328 723 1388 8
743 1328 801 1392 αδ
823 1337 854 1388 ct
871 1332 892 1392 6
909 1347 928 1386 a
951 1335 1053 1387 nosue
1069 1328 1212 1388 ffinorico

24 1445 26 1480 ,
99 1409 236 1482 relatae,
257 1407 296 1466 ad
311 1405 389 1466 diem
408 1411 447 1472 16
465 1407 595 1468 Ianuarii
615 1408 686 1468 anni
698 1407 808 1472 Christi
825 1417 907 1480 1296
927 1412 1097 1494 pertinent,
1120 1422 1212 1494 prout

24 1561 26 1564 ¹
99 1511 143 1552 ex
159 1493 237 1554 aeria
251 1511 353 1554 renim
366 1493 398 1552 in
409 1493 530 1575 synopsi
543 1501 750 1555 momtramus.
788 1527 791 1530 ⁴

468 1711 499 1786 C
525 1715 558 1786 A
584 1712 614 1788 Ρ
640 1711 736 1788 UT
788 1711 858 1788 IV.

149 1847 201 1906 De
214 1845 340 1908 Ioannis
357 1847 484 1908 Coamoe
491 1849 723 1931 patriarchatu,
741 1859 770 1910 st
783 1851 975 1910 restitutione
985 1849 1168 1918 Athanasii.

193 2000 215 2061 l.
258 2001 339 2061 litter
352 2001 506 2063 Athanasii
525 2003 846 2085 Constantinopolitsni
866 2003 1052 2082 pannichio
1069 2005 1211 2066 deiectio·

105 2103 176 2144 ncm
188 2103 204 2142 e
217 2085 329 2146 throno
342 2097 372 2146 at
383 2089 603 2148 restitutionem
615 2090 646 2148 in
659 2089 803 2149 thronum
813 2089 932 2148 loannis
943 2091 1065 2150 Cosmus
1077 2091 1209 2170 patriar-

105 2169 215 2229 chatus
227 2170 404 2248 irrlinditur‚
425 2175 527 2234 multis
541 2173 796 2234 vicissitudinibus
812 2174 931 2248 varius,
950 2195 1005 2255 per
1018 2196 1092 2252 quas
1107 2187 1209 2236 nmen

105 2265 155 2314 eat
167 2255 255 2334 longo
268 2259 362 2336 spatio
376 2257 507 2320 duravit.
550 2259 613 2318 eius
623 2279 683 2337 qua
693 2257 824 2318 ineuntis
836 2277 895 2337 qua
909 2259 1069 2320 desinentis
1084 2261 1210 2322 Moira

106 2349 277 2417 momenta,
303 2344 454 2422 spatiaque
473 2343 568 2404 totius
587 2344 752 2404 durationis
773 2352 878 2403 exacta
902 2344 1046 2421 dimetiri,
1069 2365 1139 2407 crim
1162 2355 1209 2406 ot
1245 2419 1251 2430 .

107 2425 197 2489 hrains
210 2424 352 2488 historiae
364 2428 470 2489 callere
486 2428 705 2509 chronologiam
712 2428 826 2489 volenti
837 2431 1044 2506 necessarium,
1052 2439 1119 2492 tum
1128 2430 1209 2491 idem

107 2523 229 2593 propter
247 2514 447 2575 confusionem
462 2514 602 2596 perplexe
617 2516 772 2575 mistarum
790 2534 892 2575 rerum
906 2514 1099 2595 historiciqua
1112 2517 1210 2577 nestri

109 2600 272 2677 ambiguam
289 2600 396 2659 alicubi
417 2598 455 2659 da
474 2600 520 2661 his
535 2601 762 2661 affirmationem
775 2600 858 2659 hand
876 2620 947 2660 sana
964 2602 1088 2662 obvium
1105 2602 1209 2661 facile-

108 2704 164 2760 que
180 2684 332 2765 eiplicatu
348 2686 412 2745 lore
429 2686 608 2766 sperandum
622 2696 683 2765 est,
704 2686 810 2746 lectori
829 2686 1003 2763 praesertim
1021 2686 1152 2765 primunr
1169 2686 1209 2745 sd

25 2776 26 2781 ’
109 2768 179 2828 haec
194 2770 363 2829 advertenti
377 2779 408 2830 et
421 2769 555 2849 defungi,
579 2780 614 2829 nt
627 2772 690 2831 lei-e
707 2770 753 2847 fis,
773 2770 870 2829 obiter
886 2769 1005 2847 cupido.
1047 2767 1137 2829 huius
1154 2789 1208 2847 ego

109 2854 255 2913 studiant
273 2876 329 2935 pro
344 2856 402 2915 mei
420 2856 536 2914 ratione
551 2856 641 2915 officii
661 2854 804 2929 serviam,
826 2860 936 2912 cuncta
952 2852 1004 2913 hic
1015 2853 1079 2915 dus
1093 2854 1209 2934 generis

110 2959 195 3017 quam
211 2938 381 2999 brevissime
398 2950 426 2999 et
443 2940 602 3000 clarisiime
613 2949 717 3020 potero
731 2956 888 3019 exponam.

191 3024 227 3083 ll.
269 3024 305 3083 ld
325 3026 421 3104 agenti
442 3034 510 3085 ante
528 3026 626 3083 omnia
648 3022 898 3084 considerandum
918 3022 1066 3098 occurrit,
1086 3020 1170 3101 quod
1188 3042 1207 3081 a

110 3106 285 3189 Pachyuiera
302 3112 448 3191 scriptum
471 3120 556 3171 extat
576 3130 607 3189 p.
623 3114 733 3175 868.V.
747 3114 786 3185 8,
816 3108 1013 3169 Athanasium
1036 3107 1208 3187 exponier-

110 3193 207 3273 chnm,
227 3195 347 3273 quando
363 3215 430 3256 aum
448 3196 496 3257 die
511 3194 641 3256 Ianuarii
655 3194 769 3254 decima
784 3214 864 3255 nona
874 3194 1037 3275 imperator
1052 3192 1207 3254 Androni·

111 3300 161 3339 cus
172 3299 238 3339 cum
253 3282 394 3362 episcopis
411 3292 441 3341 et
455 3280 564 3363 populo
581 3280 737 3355 convenit,
758 3278 934 3358 transegisse
943 3279 977 3339 in
990 3278 1043 3340 illo
1055 3287 1207 3338 monasta-

111 3365 148 3425 rii
162 3384 275 3425 seceaau
292 3386 384 3427 annos
403 3366 521 3444 decern,
543 3366 642 3427 miuus
662 3382 770 3427 novem
789 3365 948 3425 mensibus.
989 3364 1022 3424 iu
1039 3382 1075 3424 eo
1096 3370 1207 3423 asarta

113 3450 164 3509 sibi
177 3452 287 3531 egregie
308 3461 425 3517 constat
439 3452 614 3512 historicos:
637 3452 757 3512 diram
774 3450 853 3510 enirn
872 3470 902 3530 p.
919 3455 980 3516 177
994 3470 1023 3511 v.
1036 3448 1206 3514 BAthana·

113 3536 199 3612 sium,
218 3538 391 3597 renuntiato
406 3536 626 3617 patriarchatu,
647 3536 827 3595 monasterio
841 3534 979 3596 Cosmidii
997 3534 1087 3595 luisse
1104 3534 1204 3594 inclu-
1219 3528 1242 3583 P
1260 3525 1312 3583 ⁵7⁰

115 3640 174 3679 anai
195 3620 242 3680 dic
263 3626 302 3686 16
316 3621 469 3699 Octobris,
491 3642 557 3683 cum
571 3631 641 3683 ente
655 3640 748 3681 annos
763 3630 895 3699 quatuor
909 3619 957 3679 dia
970 3630 1077 3697 quarta
1090 3619 1205 3679 decima

114 3706 213 3765 nensis
227 3706 356 3767 eiusdem
372 3707 589 3787 patriarchatus
605 3704 815 3787 possessionem
831 3706 959 3766 adiisset
1001 3713 1066 3765 erat
1082 3704 1132 3763 illa
1147 3722 1204 3761 an-

115 3810 174 3867 uus,
193 3810 251 3867 quo
263 3790 441 3855 Athanasius
454 3796 486 3853 in
496 3791 706 3854 monasterium
719 3790 859 3851 Cosmidii
869 3810 886 3850 e
897 3788 1079 3871 patriarchio
1088 3788 1201 3865 migra·

114 3876 163 3949 vit,
183 3875 290 3935 Christi
307 3897 392 3937 anae
409 3882 500 3955 1298,
521 3886 612 3958 prout
624 3878 655 3936 iri
664 3877 792 3957 synopsi
805 3876 976 3937 subiicimus
993 3874 1104 3937 oeulis:
1126 3873 1203 3931 alter

115 3968 320 4039 colmannus,
342 3964 426 4023 cuius
440 3963 566 4023 Ianuarii
583 3966 622 4027 19
637 3970 804 4023 conventus
815 3962 878 4021 illic
889 3960 968 4020 idem
979 3959 1017 4017 ab
1033 3956 1204 4018 Andronios

114 4044 283 4105 Athanasius
296 4048 371 4127 luit,
392 4048 424 4109 irr
439 4050 542 4109 eadem
555 4046 667 4107 Christi
685 4066 753 4107 aera
768 4048 833 4106 aine
851 4046 943 4106 dubio
956 4044 1127 4104 millesimus
1138 4053 1205 4102 tie-

114 4132 278 4191 centesimus
297 4143 423 4212 quartus
435 4134 658 4194 numerabatur.
700 4132 771 4210 quia
784 4150 857 4192 vero
877 4150 976 4190 nonus
989 4148 1086 4188 annus
1101 4128 1204 4207 priva·

114 4224 158 4274 tae
171 4218 408 4280 commorationis
424 4218 575 4279 Athanasii
593 4218 675 4299 apud
689 4216 900 4277 monasterium
914 4214 1054 4273 Cosmidii
1066 4214 1204 4275 evolutus

115 4300 201 4363 losrst
213 4302 261 4363 dia
279 4308 320 4370 16
332 4304 473 4365 Octobris
493 4305 565 4365 inni
580 4302 783 4387 msecedsntia
793 4299 904 4363 Christi
921 4299 1071 4362 millesimi
1082 4308 1205 4361 mecen-
