3009 4900
268 335 344 407 790
568 329 802 400 OBSERVAT.
822 327 1060 398 atenim.

266 499 436 562 aubtractaa
448 494 524 558 laria
536 493 665 558 aecnnda
678 495 825 556 aecnndae
835 493 1014 556 ieiuniorum
1026 489 1257 570 haldandan,
1266 492 1413 555 leoena

266 585 315 644 die
329 582 485 644 Februarii
497 581 611 644 decima
624 590 718 658 nexta,
731 590 769 641 nt
780 599 812 662 p.
824 585 887 647 ⁸77
897 599 930 647 v.
944 584 987 646 to
999 579 1149 656 τοίως
1169 579 1414 659 &gaium

268 689 329 750 qne
341 669 451 730 ibidem
464 687 550 729 cnraa
562 666 716 728 nniverm
727 666 915 748 imperatoria
926 663 966 724 ad
981 662 1156 738 curandam,
1178 664 1265 724 dnm
1281 685 1417 746 κμ-

268 755 363 830 tavit,
383 764 415 816 et
428 763 586 836 poetquun
600 753 780 814 lateranen
795 759 857 830 eat,
874 749 1028 830 mgnilioo
1045 769 1081 808 ao
1094 748 1179 827 regio
1193 751 1318 810 lunen
1329 750 1417 810 la·-

269 839 436 902 norendam
462 848 588 900 matrem
610 855 671 898 eaae
695 855 863 902 converaaa.
912 843 982 916 poet
1002 833 1158 895 Paaohalea
1180 854 1250 894 non
1275 855 1416 915 mapa

269 923 340 986 inde
360 924 515 986 intervallo
537 931 651 984 mentae
675 922 765 982 leriae
790 921 865 982 ὥσ
884 927 1023 1000 mentae
1043 919 1294 980 demeaticornam
1316 921 1417 981 auo-

270 1021 375 1072 etnam
392 1007 593 1070 eolicitndinea
605 1007 770 1068 Andronici
785 1005 918 1066 animum
939 1025 958 1064 a
979 1003 1136 1084 cogitando
1153 1003 1192 1063 de
1210 1003 1417 1066 Athana&

270 1103 459 1169 nvenerunt,
488 1113 560 1154 cura
582 1093 724 1153 nimirum
746 1089 938 1152 adornandae
961 1089 1152 1170 prolectimne
1171 1089 1285 1150 lrenea
1317 1111 1413 1152 ane

270 1179 402 1258 coniugia
414 1177 650 1239 'l’heaealonicam
665 1177 838 1257 cogitantia,
858 1184 890 1235 et
906 1176 1079 1256 nuptiarum
1093 1175 1216 1235 louun'n
1235 1176 1414 1258 deapotoe

270 1260 1410 1343 nalliliicumliliaclaumnianiprimariiminiataioalebrandamn3
1504 1301 1505 1326 ;

272 1367 347 1430 qnae
359 1348 454 1429 eapite
467 1348 573 1428 quinto
588 1357 802 1424 morantur,
822 1355 855 1407 et
868 1345 954 1406 facile
970 1345 1035 1405 diea
1048 1366 1065 1405 a
1077 1343 1190 1405 ructu
1203 1346 1409 1425 quindadn

270 1435 464 1512 expleverint.
507 1430 614 1492 incidit
633 1443 734 1493 autem
753 1432 807 1493 illo
829 1451 909 1492 anno
928 1429 1041 1492 Paaclra
1058 1430 1090 1491 in
1110 1430 1189 1490 diean
1205 1435 1255 1498 29
1269 1431 1405 1494 Martii.

270 1518 373 1579 adulto
384 1517 478 1598 igitur
488 1516 550 1576 iam
562 1515 664 1598 Aprile
675 1527 863 1598 rmumptum
873 1517 1011 1576 ecclesiae
1024 1515 1175 1596 negotium
1185 1526 1251 1594 αις
1265 1527 1304 1578 et
1315 1519 1404 1579 lom-

270 1622 322 1684 pua
342 1603 410 1662 illae
434 1621 461 1666 o.
485 1607 506 1668 6
525 1602 673 1663 indicatae
692 1603 809 1663 inatitui
832 1602 869 1662 ab
886 1601 1030 1683 epiecopia
1051 1601 1288 1662 deliberatione·
1315 1623 1398 1664 coe-

271 1699 341 1769 ptee
364 1687 443 1748 circa
466 1688 801 1749 excommunicationem
818 1708 835 1747 a
848 1687 959 1748 loanne
971 1689 1076 1747 (loom
1096 1707 1198 1748 coram
1212 1688 1249 1748 ’m
1263 1709 1302 1750 oa
1318 1689 1397 1750 An-

274 1773 398 1834 dronico
413 1772 548 1853 Anguato
568 1773 766 1850 intmtatam3
784 1772 892 1854 qualine
905 1772 1095 1853 abanmptnm
1110 1771 1224 1832 linium
1244 1793 1394 1835 manaen

274 1870 307 1920 et
320 1859 439 1920 lunium
458 1879 521 1918 non
537 1868 648 1918 temere
667 1859 799 1939 prudena
813 1857 985 1918 aestimator
998 1877 1039 1916 ex
1049 1857 1184 1918 hiatorici
1197 1860 1306 1920 mnia
1325 1881 1393 1920 aar·

273 1945 446 2020 tumaverit,
467 1943 563 2004 donec
578 1963 677 2004 menae
690 1943 782 2019 lulio,
802 1941 877 2002 nilail
891 1943 974 2003 abiia
990 1943 1046 2002 eibi
1058 1943 1241 2022 operandum
1254 1945 1393 2006 Andro-

275 2030 360 2088 nicue
377 2029 483 2090 videno
502 2027 540 2089 ad
556 2028 774 2109 exemptionem
791 2027 925 2107 acropoli
942 2047 1031 2106 quem
1047 2028 1111 2088 eiua
1122 2030 1224 2089 animo
1233 2030 1392 2091 iatiecem

274 2115 513 2175 melaetieaimnrn
532 2114 683 2194 inopinata
704 2113 755 2173 illa
769 2113 890 2174 loannis
904 2113 1026 2174 &omae
1044 2113 1236 2174 comminatio
1254 2135 1390 2176 excom-

275 2199 500 2274 municationia,
520 2217 552 2258 ae
567 2209 685 2260 vertere
699 2199 820 2278 atatuit,
842 2210 873 2260 et
885 2198 974 2276 longo
985 2207 1120 2278 tempore
1135 2219 1191 2279 per
1202 2201 1309 2260 miaaoa
1324 2221 1390 2261 vn-

275 2285 336 2344 rioa
353 2283 498 2344 eblandiri
511 2304 530 2342 u
542 2285 652 2345 loanne
665 2285 729 2366 ipao
744 2294 868 2346 conatae
882 2293 928 2344 eat
940 2284 1162 2344 revocationem
1179 2285 1390 2346 anathematio

275 2369 369 2441 illiue;
392 2369 474 2426 cuine
495 2369 617 2428 tandem
629 2371 695 2429 voti
712 2390 833 2451 compo·
849 2381 895 2430 eat
908 2370 1019 2442 sactua,
1039 2368 1072 2428 in
1085 2379 1220 2450 optatam
1233 2371 1294 2451 ipai
1307 2391 1389 2431 aen-

171 2458 193 2511 P
210 2456 261 2512 572
278 2452 401 2511 tentione
414 2451 494 2509 edita
507 2452 705 2513 declaratione
717 2456 896 2515 remiaeionia
912 2455 949 2514 ab
962 2455 1066 2513 eodem
1079 2456 1253 2535 impetratae
1265 2456 1390 2516 loanm

276 2536 399 2611 Coenaa3
414 2553 504 2612 qnam
517 2534 695 2614 acripturam
708 2538 873 2617 imperator
885 2540 1000 2621 accepit
1010 2540 1081 2600 seria
1093 2540 1142 2599 illa
1153 2550 1237 2599 aexta
1249 2540 1391 2601 adem-

184 2684 188 2695 ·
275 2638 333 2699 qne
350 2618 399 2679 die
409 2618 546 2680 viceaima
566 2622 662 2700 prima
676 2622 786 2682 menaie
802 2624 940 2703 Augueti,
962 2644 1052 2706 anpra
1065 2634 1223 2683 memorata
1239 2626 1386 2703 aaepiaae.

276 2704 358 2765 unde
374 2704 476 2765 triduo
488 2714 569 2785 poet,
592 2706 639 2766 die
659 2708 769 2767 menei·
782 2708 913 2769 einedem
931 2710 1068 2771 vicesima
1078 2710 1162 2769 tertia
1174 2708 1386 2772 Athanaaiuaaa

277 2792 309 2850 in
331 2791 410 2852 cedia
429 2792 635 2871 patriarchalia
662 2794 801 2853 iteratam
825 2796 1036 2875 poaaeaaioncm
1056 2796 1214 2875 imperator
1236 2794 1388 2859 induxit.

278 2896 315 2936 en
332 2886 369 2937 ut
384 2877 528 2938 autceaeio
552 2888 583 2939 et
601 2887 761 2939 contextu·
778 2888 914 2941 actorum
934 2880 1014 2941 illiue
1032 2883 1102 2941 anni
1117 2881 1253 2942 eumdem
1264 2902 1326 2941 noa
1348 2884 1388 2943 in

277 2962 377 3021 locnrir
393 2962 573 3043 mdetentim
588 2964 688 3040 ducit,
709 2984 799 3042 quem
815 2966 920 3045 procul
940 2967 1022 3043 quati
1034 2968 1259 3047 aignaveramua
1266 2966 1388 3028 indicio

279 3046 337 3107 alte
351 3066 382 3107 ae
398 3048 574 3107 ostentantia
590 3046 772 3110 characterie
790 3049 1006 3130 chronologici,
1026 3050 1087 3113 laoc
1101 3063 1148 3113 eat
1161 3053 1387 3113 coniunctionis

279 3132 367 3193 seriae
387 3141 490 3193 aextaa
509 3152 578 3192 cum
600 3132 649 3193 die
665 3134 789 3214 Augusti
806 3140 867 3209 213
891 3156 969 3215 quae
984 3138 1157 3199 coniunctio
1178 3158 1249 3199 cum
1266 3159 1387 3199 annum

278 3218 377 3298 exigat
391 3218 475 3299 cyclo
486 3216 556 3277 aolia
570 3218 613 3285 26
630 3218 816 3301 inaignitnm,
837 3220 933 3300 qualia
942 3222 1043 3282 nullae
1054 3223 1114 3283 iato
1126 3232 1298 3305 temporum
1313 3234 1384 3284 tra-

278 3311 331 3362 ctu
344 3302 418 3362 aliua
431 3312 477 3361 eat
490 3304 528 3362 ab
540 3322 619 3363 anno
631 3305 682 3383 qui
698 3306 728 3363 in
743 3326 810 3365 nere
816 3304 984 3367 Clariatiana
998 3318 1176 3369 numeratur
1187 3318 1315 3388 quarem
1327 3329 1384 3367 an-

277 3408 333 3468 pra
345 3387 584 3447 trecenteaimuna
596 3396 626 3446 et
638 3388 835 3469 millesimum,
849 3400 940 3453 reatat
954 3393 1191 3455 demonetratnm
1203 3414 1282 3453 anno
1290 3392 1385 3453 Clui-

278 3473 317 3533 eti
332 3468 429 3545 1⁸04,
450 3470 500 3530 die
513 3476 555 3537 28
569 3471 709 3551 Augusti,
733 3474 852 3537 deaiiaae
865 3478 1101 3558 patriarchatum
1113 3480 1233 3540 loannia
1245 3481 1382 3555 Comae,

280 3554 476 3616 Athanaaiutn
496 3566 596 3617 autern
608 3558 952 3642 Constantinopolitanae
973 3564 1112 3624 ecclam
1131 3564 1300 3644 praendere
1320 3566 1383 3625 ite-

278 3642 1383 3813 nnnc

279 3814 325 3872 nia
337 3830 463 3913 novem,
483 3820 595 3895 aepteni
611 3814 762 3875 menaibua
774 3827 806 3876 et
818 3824 861 3886 22
878 3828 1032 3899 praeterea
1047 3820 1169 3899 diebua,
1191 3778 1382 3900 patriainlaa·

278 3908 345 3959 tuna
359 3908 497 3961 tenuraae.

363 3982 426 4049 vu.
467 3984 572 4043 Reatat
586 3983 637 4043 laic
651 3985 838 4048 definiendus
857 4008 953 4049 annua
973 3993 1073 4052 eventi
1088 3988 1230 4051 notabilia
1241 4008 1261 4048 a
1277 3996 1381 4048 coeno

278 4066 422 4130 laiatorim
435 4068 522 4130 aelati
537 4069 558 4131 l.
572 4074 592 4134 ll
605 4090 631 4129 c
642 4072 695 4147 24,
715 4073 798 4148 quod
812 4074 875 4133 aine
886 4075 977 4135 dubio
990 4078 1031 4137 ad
1040 4074 1277 4157 patriarchatum
1290 4074 1381 4134 loan-

278 4150 324 4210 nia
339 4154 461 4214 Coemae
481 4152 533 4215 hic
551 4174 569 4213 a
594 4156 680 4215 nobie
698 4156 906 4237 chronologico
924 4165 1041 4222 ratione
1065 4162 1224 4223 definitum
1238 4158 1379 4239 petinet.

278 4236 369 4295 refert
387 4238 455 4297 loco
471 4238 594 4300 laudato
608 4240 802 4323 Pachymerea
815 4264 923 4322 pueree
935 4248 1099 4322 quaedam,
1116 4241 1198 4305 'dun
1211 4262 1313 4304 menae
1325 4245 1379 4302 Se—

277 4319 406 4403 ptembri
420 4322 507 4383 nidoa
523 4324 730 4388 columbarum
743 4330 776 4389 in
786 4328 1029 4392 catechumeneie
1044 4338 1266 4406 acauterentur,
1289 4338 1380 4389 tettae
