3009 4900
428 300 509 376 tte.
530 300 559 372 1.
611 298 887 374 Glossamutt
1133 297 1208 376 ote

101 506 173 550 rum
188 476 446 568 μοοοβᾶμβοολοο
465 493 496 546 et
514 478 723 567 δοβόμβοολον
738 483 935 566 inquiramus.
968 457 1050 565 'puto
1070 482 1209 564 equidem

2 580 19 592 “
103 573 242 634 elntina
258 591 332 631 voce
348 569 532 632 obambulare
545 573 669 650 deduci,
688 580 720 630 et
742 580 779 633 ut
797 591 862 632 rem
874 570 918 630 ita
932 587 1042 630 noman
1055 567 1089 630 iu
1109 570 1210 631 aulam

2 732 3 738 ἵ
103 658 219 720 llomaa
233 675 330 716 novae
343 675 360 717 e
374 655 469 717 veteri
482 657 631 735 migraaaa.
664 655 697 716 iu
710 655 810 719 aulam
824 655 909 732 dico,
927 653 1036 714 nonin
1050 653 1210 715 aculeatam

105 762 178 802 nam
192 739 392 821 praelationea
404 741 577 821 lampadum
592 741 740 822 epiacopia
751 759 849 820 unqua
859 740 898 800 ab
906 739 1087 820 dpoatolicia
1098 739 1131 800 iu
1141 738 1211 799 Aria

3 883 7 889 .
104 828 231 888 uaitataa
246 825 431 908 temporibua
445 825 518 886 acio.
542 825 685 906 Augou-
699 823 820 907 qaaidem
833 825 932 904 ignem
946 825 1112 906 praelatum
1126 823 1213 906 priua

2 918 5 938 ²
105 913 220 973 Romae
243 931 333 989 quam
347 911 608 992 Constantinopoli
628 912 717 973 lateri
738 931 858 972 necem
876 919 935 986 eat,
956 929 1025 970 cum
1045 909 1104 970 iam
1120 911 1213 970 com-

1 997 21 1026 ¹⁴
109 995 196 1058 modi
211 1005 306 1056 aetate
320 997 453 1056 eolemne
466 998 576 1056 Itomae
592 1005 669 1056 eaaet
682 997 780 1075 ignem
797 995 938 1074 dugnatia
950 993 1106 1076 praelerri.
1148 995 1213 1055 He-

2 1080 7 1114 ῖ
106 1081 255 1183 rodiaupaa
267 1081 288 1144 l.
299 1082 502 1181 lzldwalltu
516 1073 559 1161 ἦν
568 1086 610 1164 api
618 1075 777 1186 'lloppq'dqr
788 1075 984 1184 οοοοοβοτοῖοηΙ
991 1076 1117 1144 πάντων
1130 1074 1215 1186 oldai:
1311 1127 1317 1146 ,

108 1191 170 1248 φη.
191 1189 268 1244 auru
283 1188 431 1248 προτερον
438 1169 565 1268 stouzlp
579 1171 672 1252 quap
688 1189 889 1269 euroaqupopa
903 1185 1055 1250 euapaaa.
1071 1211 1078 1228 .
1095 1213 1103 1228 .
1118 1209 1126 1228 .
1147 1170 1202 1228 ult

3 1251 20 1287 ³
107 1250 177 1318 luel
200 1249 311 1332 συνέβη
324 1247 380 1316 adv
397 1257 538 1316 Δουκιον
557 1256 744 1332 τελευτῆσαι,
761 1273 916 1333 procurem
930 1254 969 1337 τῇ
984 1251 1141 1334 Λουκίλλῃ
1158 1253 1216 1328 τοῖς

2 1339 19 1375 Β
108 1335 265 1418 βᾱΰῑῖδῖᾱθ
282 1331 459 1418 θνμβόὶων,
481 1341 674 1422 Πομπηϊονῷ
688 1333 708 1402 d
724 1331 824 1418 πατὴρ
838 1329 937 1416 odnie
953 1333 1081 1411 ἐξέδοτο.
1123 1329 1215 1399 uitta

2 1410 5 1436 ⁵
108 1413 202 1502 ἧττον
214 1418 317 1501 μέντοι
336 1417 356 1484 d
369 1419 534 1502 Κόμμοδος
549 1414 695 1501 eoduma
705 1419 761 1497 vde
775 1418 864 1502 raude
876 1424 917 1507 τῇ
934 1415 1070 1506 ddatpp‘·
1090 1417 1142 1482 aul
1156 1413 1216 1501 yelq

2 1512 15 1550 ⁵
108 1504 162 1572 tat
185 1507 243 1608 τοο·
265 1507 420 1587 βοοιλείοο
436 1501 556 1591 θρόνου
574 1510 713 1588 καθῆστο
733 1505 768 1572 tv
786 1513 851 1582 τοῖς
869 1499 1012 1586 θεάτροις
1033 1502 1086 1568 aul
1106 1501 1140 1570 τὸ
1152 1508 1217 1586 araip

2 1602 9 1636 ³·
107 1612 346 1675 ποοεπομπεοον
360 1585 467 1674 αὐτῆς.
507 1592 744 1654 aulierodiauua
760 1591 901 1671 Auguatia
918 1589 1219 1671 Romaeimperauti·

2 1690 11 1722 ¹
108 1677 170 1738 boa
189 1684 278 1736 tanto
297 1683 369 1736 ante
384 1677 614 1738 Constantinum
636 1688 667 1740 et
684 1677 831 1738 uxoribua
852 1695 955 1738 eorum
976 1676 1074 1754 iguem
1094 1693 1219 1754 quaqua

110 1760 288 1822 incederent
307 1761 477 1843 praelatum
497 1763 602 1839 docet,
620 1771 651 1824 et
673 1761 721 1845 (ut
734 1761 794 1824 lroc
813 1761 911 1824 obiter
925 1761 1116 1836 admoneam)
1137 1759 1219 1820 aclua

111 1845 214 1923 docet,
234 1867 274 1908 ne
286 1846 433 1908 acuamur
448 1847 487 1908 ab
502 1869 562 1909 uuo
579 1847 731 1910 interdum
744 1858 870 1908 auctore
882 1846 996 1926 acripto
1014 1853 1117 1906 notatu
1131 1862 1219 1924 rape·

112 1931 170 1993 riri
189 1929 336 2019 quaedam
353 1931 426 1992 olim
440 1953 498 1994 uau
510 1931 716 2014 vulgetiaaima
729 1933 858 2013 ideoque
869 1931 952 2011 quod
965 1941 1039 1992 tunc
1051 1939 1148 1990 meent
1165 1949 1221 1989 uo.

2 2027 6 2052 ”
112 2016 231 2076 tiaaima
243 2015 341 2076 literia
360 2017 553 2078 acribentium
570 2039 633 2080 uon
650 2039 799 2100 expreaaa.
840 2017 886 2079 aic
899 2017 990 2078 iuiaae
1010 2017 1109 2076 inuau
1122 2033 1220 2095 quon·

1 2112 4 2147 ³
115 2101 231 2164 damet
252 2100 352 2182 pretio
369 2103 683 2191 quendamplronorean
695 2105 809 2165 birallii
829 2113 969 2164 vocatum
984 2099 1084 2184 (quem
1105 2109 1149 2160 eat
1165 2117 1220 2160 ve-

2 2214 3 2231 *
114 2185 242 2248 riaimsse
265 2185 357 2245 aitum
373 2187 466 2250 iuiaae
485 2191 520 2248 in
538 2189 722 2270 praelatione
736 2187 820 2250 aeda'a
835 2191 976 2270 gammae
992 2185 1140 2265 aliquibus
1154 2185 1223 2246 exi-

2 2286 5 2322 t
114 2270 178 2332 mie
193 2267 351 2354 conceaea)
366 2291 404 2332 ex
422 2293 483 2334 una
502 2293 603 2355 nuper
619 2274 768 2354 exacnpta
785 2284 816 2336 et
835 2273 957 2352 vulgata
972 2279 1090 2332 conatat
1104 2289 1160 2352 per
1174 2270 1223 2332 vi-

2 2384 4 2393 *
113 2375 186 2417 rum
217 2354 420 2418 doctiaaimum
442 2355 684 2420 Chimentellium
704 2360 804 2420 Piceni
833 2356 991 2420 mmmorir
1017 2355 1226 2438 inacriptione,

114 2438 245 2522 reliquia
262 2460 297 2501 ea
318 2440 355 2501 de
373 2463 407 2503 re
424 2447 583 2507 retuatatia
600 2445 801 2507 monumentia
822 2444 987 2507 ailentibua.
1028 2444 1109 2503 uude
1125 2460 1181 2502 nec
1197 2440 1225 2500 ai

113 2524 234 2610 primae
250 2536 282 2587 et
295 2526 378 2627 uolua
393 2529 589 2631 Pachymerea
602 2532 691 2593 iatam
704 2534 817 2631 denque
834 2551 915 2593 nunc
935 2530 1047 2629 agimur
1061 2526 1227 2588 dibambuli

113 2610 1226 2782 dilllllffliiiidifflffll‘pillilillff'ssilssll‘iil}

15 2786 22 2809 ‘
119 2778 218 2843 lector
233 2792 286 2843 aut
308 2794 476 2864 auapectam
491 2788 582 2848 uuiua
601 2785 711 2847 laabme
724 2786 815 2847 fidem
828 2793 988 2866 propterea
1003 2781 1132 2841 deberet.
1171 2779 1226 2839 aed

118 2865 204 2949 quod
233 2868 384 2948 coepimua
408 2890 528 2950 agamur
552 2872 589 2932 de
609 2872 724 2951 origine
752 2872 838 2933 vocia
863 2868 1087 2931 numentum.
1134 2864 1227 2927 credo

121 2950 264 3031 equidem
292 2953 464 3016 miniatrum
492 2956 544 3036 qui
570 2957 672 3019 lumen
696 2956 913 3038 imperantibua
931 2958 1042 3019 Itomae
1064 2953 1228 3033 praeterret

117 3034 212 3115 vulgo
233 3036 347 3097 dictum
369 3040 585 3118 obambulant,
605 3043 678 3123 quin
697 3052 727 3103 et
743 3042 945 3105 inatrumento
967 3052 1020 3103 aut
1039 3042 1105 3102 eaai
1122 3062 1181 3118 quo
1201 3039 1229 3099 ia

118 3120 185 3201 igni
206 3123 359 3202 portando
377 3136 515 3189 uteretur
533 3128 657 3190 eandem
677 3112 798 3209 qdoque
817 3128 1048 3209 appellationem
1062 3146 1229 3187 accommo-

119 3206 224 3267 datam
249 3228 308 3268 uau
328 3212 488 3292 populari;
509 3222 538 3273 et
559 3215 704 3275 tranalata
722 3235 779 3296 per
793 3214 1022 3275 Constantinum
1037 3232 1054 3273 e
1067 3214 1160 3273 lloma
1172 3230 1229 3273 ve-

118 3301 186 3353 tere
205 3292 238 3351 in
258 3314 369 3354 novam
385 3296 454 3357 aede
467 3298 588 3379 imperii
593 3341 605 3373 ,
625 3320 735 3362 nomen
746 3301 826 3362 idem
839 3302 959 3361 lratiuae
972 3300 1093 3377 originis
1110 3297 1231 3359 Graecia

119 3374 220 3437 literia
235 3377 397 3459 aignatum.
439 3402 474 3442 ac
493 3404 562 3444 cum
576 3386 656 3445 torte
671 3395 775 3466 poatea
793 3386 952 3465 exmgitati
966 3384 1075 3463 gradun
1088 3392 1186 3443 meent
1197 3383 1232 3441 in

120 3460 355 3543 participatione
374 3462 467 3529 huiua
487 3467 630 3548 honoria,
650 3471 693 3531 iu
715 3481 750 3531 ut
774 3473 828 3533 iax
847 3483 900 3533 aut
919 3474 1032 3550 lampae
1052 3470 1141 3529 unica
1162 3476 1232 3527 ante

121 3548 273 3643 quoadam
292 3560 484 3631 portaretur,
507 3564 577 3615 ante
594 3556 669 3615 alica
687 3556 818 3636 duplex,
841 3556 1021 3637 explicatam
1040 3556 1128 3616 iatam
1145 3552 1233 3615 dille-

120 3641 254 3729 rentiam
276 3635 402 3698 vocibua
421 3639 535 3699 Graeca
554 3638 650 3701 forma
672 3642 861 3722 competitio,
881 3643 924 3703 ita
945 3650 982 3701 ut
998 3641 1232 3701 inauumenaum

121 3736 248 3777 unicam
265 3738 370 3796 garena
390 3723 559 3805 lampadem
579 3726 866 3805 monumentum,
895 3726 1025 3805 geminae
1046 3724 1159 3787 habena
1181 3721 1233 3781 di-

121 3800 309 3863 bumbulum
327 3819 497 3870 vocaretur.
540 3811 622 3872 dicet
634 3810 742 3892 aliquia
756 3812 943 3875 commodiue
959 3810 1173 3871 dibmnlulnm
1186 3806 1234 3868 di-

120 3896 208 3947 ctum
225 3889 322 3950 videri
338 3913 428 3973 poaae
444 3896 528 3975 quaai
546 3887 762 3977 dibumpulum
776 3898 813 3959 ab
829 3896 980 3977 ampulla,
993 3895 1109 3955 mollito
1124 3914 1144 3973 p
1157 3893 1189 3953 in
1203 3894 1235 3957 b.

122 3972 210 4051 atqui
230 3974 256 4033 ai
278 3974 339 4037 hoc
358 3988 454 4059 earet,
475 3983 707 4043 naonombulum
724 4004 763 4048 ex
779 3984 913 4061 analogia
932 3981 1055 4041 formari
1076 3978 1234 4039 debraiaaet.

123 4077 322 4137 agnoscamua
341 4082 412 4143 ergo
432 4064 467 4125 iu
484 4085 560 4128 voce
582 4069 849 4130 monobambulum
865 4086 965 4129 veram
982 4076 1042 4125 tam
1059 4065 1236 4125 naonobnm-

77 4162 83 4169 ·
123 4142 195 4202 buli
219 4164 310 4225 quam
329 4144 505 4209 diiambuli
521 4154 664 4231 originem
680 4154 820 4215 Latinum
836 4151 1015 4215 vuubnlum
1029 4151 1237 4211 obumbratum.

120 4226 199 4307 haec
219 4250 287 4291 mea
308 4232 389 4295 circa
407 4233 623 4298 dibombulum
644 4243 853 4313 coniectanea,
883 4246 918 4297 ut
934 4236 1015 4300 aoleo
1033 4256 1102 4299 aneo
1123 4236 1238 4297 iudicio

122 4312 279 4393 diffidere,
300 4337 371 4377 cum
385 4320 454 4381 aliia
468 4322 658 4387 diacutieuda
676 4322 775 4387 obtuli
792 4321 868 4387 ruta
881 4322 1024 4401 eruditio,
1045 4332 1111 4387 tunt
1127 4320 1239 4385 doctin-

171 4408 309 4481 cmgaa·
329 4410 503 4487 raum
522 4414 562 4471 n.
985 4407 1028 4476 ta
