3009 4900
395 299 476 369 ΗΒ.
488 299 545 368 111.
585 299 952 371 CHRONOLOGIGUS.
1148 302 1222 375 627

73 479 206 566 ‘ratae
222 488 292 530 oum
309 469 373 568 into
387 467 509 528 iunctae
522 473 583 566 apt,
603 465 693 546 quod'
703 465 829 568 cputigit
842 488 919 529 anuo
933 467 1059 547 Hegirae
1070 471 1147 546 687,
1170 469 1224 550 qui

93 563 266 700 tm:
284 551 1035 720 iii,iiiiiiiiiiqiiiiiiiii'nh‘ifii
1052 555 1225 700 iffi}

32 770 33 777 κ
95 745 225 806 prono
245 726 351 785 ferora
371 721 517 783 Aledium
533 722 678 799 iudulait,
701 733 732 784 at
750 743 836 800 eum,
857 725 955 804 quoad
969 725 1033 806 ipae
1046 725 1178 805 peretitit
1192 727 1225 785 iu

99 810 279 892 potentie,
300 807 452 870 benefieiis
474 807 559 868 ierit.
599 827 706 869 rerum
721 809 849 870 bladino
864 819 894 870 et
906 811 992 870 annia
1006 811 1065 869 iam
1085 812 1181 870 fracto
1196 818 1228 870 et

103 897 236 978 opibua
251 895 416 968 diminuto,
435 903 472 953 ut
483 895 544 953 iem
557 893 686 974 empliua
700 893 790 954 ermia
802 894 1017 974 Moguleneiune
1040 893 1096 954 eab
1113 893 1226 954 Chelaii

106 989 146 1040 et
161 982 275 1061 Apege
286 979 320 1040 iu
333 979 401 1039 iatie
412 978 548 1058 pertibua
563 978 798 1059 praevalentium
819 999 856 1040 ae
875 991 983 1040 cuneta
1003 979 1225 1059 subiugmuam

107 1085 177 1147 per
194 1064 385 1125 euetineueiie
404 1062 487 1123 baud
499 1064 595 1140 ieret,
615 1085 663 1124 ree
681 1063 738 1124 eibi
751 1083 820 1125 enea
836 1084 922 1144 egere
938 1065 1102 1126 Otbmenee
1118 1066 1227 1146 coepit,

110 1159 149 1210 at
173 1151 314 1230 propriis
339 1149 481 1228 euepieiie
505 1148 537 1208 iu
565 1148 691 1209 Romani
715 1149 832 1230 imperii
856 1151 1028 1232 provinciae
1050 1150 1228 1232 irrumpere,

112 1255 185 1295 non
202 1235 326 1314 praedia
343 1235 442 1294 eolum
456 1233 528 1294 iude
542 1235 693 1312 abigendia
706 1235 858 1312 iutautue,
879 1235 930 1297 aad
951 1245 981 1296 et
1002 1234 1119 1297 eroibue
1137 1245 1228 1315 atque

113 1319 256 1380 urbibue
271 1319 383 1380 ibidem
401 1317 597 1400 oeeopeueiie.
639 1321 721 1398 quod
742 1329 883 1400 coeptum
898 1341 965 1382 eum
979 1321 1006 1382 ei
1018 1309 1056 1381 bx
1068 1331 1142 1381 voto
1154 1341 1227 1380 euu-
1276 1319 1280 1328 '

116 1404 283 1481 ceaeiaaet,
306 1405 484 1486 expugnetie
496 1413 527 1463 et
537 1403 688 1484 praeeidio
704 1425 824 1466 auorum
842 1405 963 1468 ineeaeia
975 1407 1085 1467 validis
1099 1404 1227 1486 quibua-
1288 1466 1296 1476 ,

119 1489 198 1549 dam
220 1489 455 1564 munitionibus,
477 1489 558 1550 uude
571 1489 727 1568 regionum
741 1489 803 1550 iilia
815 1490 1012 1552 adiacentium
1026 1493 1113 1551 iacila
1128 1491 1226 1550 domi-

119 1575 214 1634 nium
235 1575 294 1634 eibi
314 1585 495 1656 perpetuum
514 1586 676 1649 eaeereret,
704 1577 838 1634 Sultanie
858 1585 921 1636 tum
942 1577 1061 1636 demum
1082 1577 1224 1651 Othmen,

120 1659 187 1720 hoe
207 1668 255 1719 eet
273 1659 407 1742 supremi
426 1659 585 1739 principia,
605 1661 729 1720 titulum
745 1661 844 1742 pelam
867 1662 1042 1742 uaurpavit‚
1067 1681 1147 1722 anno
1165 1662 1226 1722 lie-

122 1745 211 1824 gieee
225 1748 304 1819 699,
326 1745 411 1804 euiua
423 1745 568 1804 kalendae
583 1745 774 1814 natm-mi,
786 1745 956 1806 inuiderunt
970 1747 1002 1806 in
1017 1747 1097 1806 diem
1112 1751 1155 1814 28
1166 1749 1225 1806 Se-

122 1827 276 1912 ptembria
292 1829 361 1889 euni
378 1828 488 1890 Chrieti
500 1833 591 1896 1299.
1163 1833 1165 1836 ’

214 1912 269 1976 111.
309 1915 462 1975 Hactenua
481 1916 576 1974 relata
591 1914 629 1974 da
644 1913 803 1974 Otbmenie
819 1915 992 1998 primordiie
1006 1914 1132 1976 tradunt
1148 1913 1227 1976 Ara-

127 1999 182 2060 bea
205 2000 384 2080 aeriptorea3
405 2020 474 2060 oum
497 1999 606 2078 quibua
630 2020 805 2080 comparare
822 2003 947 2083 eparaim
968 2003 1005 2062 de
1022 1999 1070 2060 hia
1085 2010 1195 2060 aerem
1208 2022 1226 2059 e

129 2083 334 2165 Pachyenere,
353 2105 389 2144 ae
410 2104 500 2165 quem
521 2084 595 2145 haec
615 2085 654 2144 iie
675 2095 744 2166 epte
762 2096 929 2164 eongruant
948 2087 1118 2162 oeteudere,
1140 2085 1227 2148 lebet·

132 2170 277 2252 deincepa
296 2189 381 2230 meua
398 2170 448 2230 eit.
489 2169 641 2250 principio
661 2181 765 2251 repeto
785 2191 860 2250 quae
875 2171 907 2230 in
921 2171 986 2252 ipeo
1007 2171 1055 2230 aui
1068 2171 1168 2250 oparie
1180 2171 1227 2230 li·-

132 2255 216 2315 mine
236 2263 340 2316 noeter
360 2253 521 2315 biatorieue
538 2255 664 2334 partiat
685 2255 737 2322 Μ
761 2278 776 2314 a
795 2277 823 2319 c.
837 2262 857 2322 ὃ
872 2257 947 2320 adii
970 2258 1034 2317 suae
1054 2253 1175 2318 dieeerit
1189 2255 1227 2314 de

134 2339 253 2402 arcibua
267 2339 373 2400 limitia
384 2339 547 2399 Orientalie
557 2341 708 2400 Romanae
720 2339 844 2401 ditionie
854 2349 959 2402 eontra
974 2341 1121 2402 Persidem
1133 2341 1229 2418 deque

136 2425 257 2487 illarum
268 2435 419 2486 momento
432 2423 470 2485 ad
485 2425 610 2485 tutelam
626 2424 760 2507 imperii3
782 2435 848 2488 tum
862 2427 900 2487 de
914 2445 1004 2506 cura,
1026 2445 1085 2505 qua
1101 2445 1150 2486 eae
1164 2445 1229 2485 em·

136 2512 218 2593 plen
239 2513 426 2573 dominanter
444 2510 567 2572 Nieeeaa
588 2520 660 2591 poet
675 2512 813 2573 amiaeam
826 2513 1116 2592 Gonatuntinopoiim
1133 2512 1230 2591 impe·

138 2606 251 2657 retoree
274 2596 382 2657 Graeci
400 2596 513 2676 optime
528 2596 734 2658 eonauluerint
757 2598 938 2677 reipublicae
961 2598 1126 2657 numeroaia
1148 2598 1232 2655 viro·

139 2702 204 2742 rum
224 2682 350 2743 fortium
371 2681 528 2761 praeridiia
547 2683 580 2740 iu
601 2702 636 2739 eo
654 2681 751 2740 limite
762 2682 973 2757 auctorandia,
995 2702 1063 2739 cum
1079 2682 1230 2757 largorum

141 2767 353 2846 stipendiorum
374 2767 435 2825 fida
455 2765 606 2825 eolutione
623 2766 660 2824 ad
676 2765 775 2842 diem,
798 2774 863 2825 tum
879 2765 1075 2843 assignatione
1090 2784 1227 2839 agrorum
1249 2776 1337 2828 {³600

141 2852 172 2909 in
187 2852 236 2910 ilia
248 2852 358 2912 vicinia
375 2861 405 2911 et
419 2850 609 2911 ooneeaeione
628 2848 756 2929 praedae
770 2850 866 2909 omnia
884 2869 970 2929 quam
984 2868 1021 2907 ex
1038 2848 1142 2907 boniti
1157 2870 1228 2926 agro

142 2935 253 2997 inieatia
265 2936 487 2997 incurrionibua
501 2944 624 3016 poeaent
634 2932 801 2994 corradere.
843 2934 999 3013 innuitque
1013 2936 1048 2993 ad
1062 2934 1094 2993 id
1108 2933 1229 2994 adbibi-

142 3031 188 3081 tos
199 3042 215 3079 e
225 3022 400 3101 Bymntinia
411 3020 553 3100 Auguetia
566 3029 685 3080 extaroe
698 3020 842 3099 probatae
847 3020 973 3081 virtutia
985 3030 1017 3079 et
1029 3019 1229 3101 experientiae

144 3107 311 3167 bellicarum
323 3127 443 3183 rerum3
463 3124 593 3185 quorum
610 3105 722 3165 multoe
731 3104 814 3181 iilic,
836 3126 894 3185 qua
909 3105 1014 3185 epoliia
1029 3124 1066 3164 ex
1080 3103 1165 3164 beate
1175 3124 1228 3163 re-

145 3192 217 3273 ptie‚
238 3212 297 3272 que
316 3192 598 3276 pensionibuafleum
619 3189 679 3250 fida
700 3190 881 3266 numeratis,
905 3210 961 3268 qua
977 3190 1125 3250 fructibus
1141 3191 1227 3249 deto-

145 3298 206 3337 rum
219 3278 294 3359 ipeie
307 3298 464 3356 agrorum,
487 3296 608 3355 magnae
621 3276 744 3354 adeptoe
760 3274 880 3336 divitiae
896 3276 952 3351 ait,
974 3275 1054 3335 uude
1065 3283 1150 3334 tauto
1164 3284 1227 3333 ter-

146 3363 287 3424 ribiliores
298 3361 437 3423 boatibua
449 3362 565 3439 tierent,
587 3382 623 3421 ae
635 3362 746 3421 fortius
757 3369 980 3441 propugnarent
994 3362 1140 3419 Romanae
1153 3380 1230 3439 pro·

147 3448 268 3525 vineiee,
290 3448 424 3509 herberie
444 3447 554 3528 procul
574 3448 654 3506 iutra
673 3446 808 3541 ipeorum
829 3456 922 3507 terrae
939 3445 988 3505 vel
1002 3455 1117 3505 terrore
1131 3446 1229 3503 eonti-

148 3533 259 3609 uendie,
288 3534 338 3593 vel
356 3532 388 3593 ri
407 3535 571 3612 ermingue,
592 3533 617 3591 ei
636 3551 792 3611 erumpere
813 3540 1009 3605 conarentur,
1030 3530 1230 3592 retrudendia.

148 3638 205 3679 nou
223 3618 345 3678 videtur
366 3618 489 3677 dubium
504 3618 576 3697 quin
592 3637 650 3698 par
665 3616 696 3674 in
710 3617 893 3677 eontrarium
910 3636 980 3675 eure
998 3616 1090 3675 fuerit
1106 3615 1231 3674 inserto·
1360 3628 1364 3637 ’

150 3724 209 3763 rum
220 3704 353 3763 Romano
367 3704 483 3763 nomini
498 3712 529 3763 et
543 3701 726 3761 Chriatianae
737 3702 872 3780 religioni
888 3703 1102 3761 Saracenorum
1118 3698 1233 3779 princi-
1325 3768 1327 3771 Α

150 3786 1232 3951 2¹:¹5:ittiitiff‘ttztttff'ittti?inutilitatitait}

152 3956 250 4017 bebere
271 3958 379 4035 leonii,
410 3978 487 4038 quae
507 3967 554 4019 eat
574 3956 647 4017 urbe
667 3957 834 4036 Lycaoniae
854 3956 1006 4035 primaria.
1050 3974 1142 4033 quare
1164 3976 1233 4013 cum

152 4043 223 4122 apud
236 4043 347 4105 Arabae
358 4043 517 4104 biatorieoa
528 4043 653 4121 legimue
667 4051 823 4101 evocatum
839 4042 876 4099 ab
887 4039 946 4100 boe
959 4061 996 4099 ex
1007 4038 1233 4119 Trauaeupbre-

152 4128 218 4187 teari
230 4129 350 4206 regione
365 4130 558 4207 Ortogrulem
574 4148 644 4187 cum
659 4128 772 4187 familia
795 4136 824 4185 et
840 4126 920 4187 inter
935 4133 1050 4185 montes
1065 4125 1236 4203 Tumulagii'

153 4224 179 4271 et
190 4214 351 4289 Armeniae,
373 4214 405 4273 in
425 4215 493 4274 loco
514 4213 600 4273 cuiue
612 4213 670 4293 ipai
682 4209 869 4290 toparchiam
887 4210 1083 4286 conuenerit,
1105 4210 1231 4269 colloca·

154 4306 225 4379 tum,
243 4299 411 4379 intelligere
430 4298 571 4361 debemur
587 4299 671 4358 iilam
690 4298 953 4379 Koruiuptugum,
974 4295 1123 4376 regionem
1143 4294 1230 4355 attri-
