3009 4900
300 339 374 414 758
598 337 832 416 OBSERVAT.
856 335 1091 410 escltttffln

300 527 384 570 more
400 503 525 586 antiquo
536 503 564 564 is
576 499 654 564 ritus
677 503 901 580 enumeretur,
922 501 978 566 sed
993 501 1033 564 ad
1044 499 1274 563 indicationem
1294 519 1449 581 praene-

302 595 423 655 dentem
443 607 586 671 resperas
602 609 777 670 parasceues
797 589 861 650 sire
883 598 985 650 saxna
1005 587 1110 663 terias,
1131 586 1261 667 quando
1278 584 1371 646 iam
1387 606 1446 644 nea

303 675 503 740 ecclesiastico
522 673 676 734 sabbatum
691 673 912 754 postridianum
931 672 1067 734 inchoari
1079 672 1264 734 oensehtur
1276 717 1294 745 ‚
1334 671 1447 750 siqui

302 763 371 824 dam
385 761 499 822 cunctis
510 758 764 820 hebdomadarum
776 759 909 820 omnium
920 757 1049 818 sabbatis
1054 758 1178 818 ecclesia
1190 758 1339 816 Graeca
1349 776 1445 815 usur·

301 857 421 908 tuorum
440 844 610 906 memoriam
628 843 787 904 recolebat
825 843 887 904 boc
901 844 990 910 docet
1003 863 1059 902 nos
1076 841 1257 902 Gennadius
1272 841 1444 921 patrias*

303 931 361 994 cha
371 931 450 992 libro
464 929 501 992 da
521 929 697 1008 Purgatorio
714 927 758 988 sic
776 927 923 990 smibsus:
950 921 1053 1008 treta
1072 921 1218 991 ἀσύνετοί
1237 925 1349 1002 ἐστε,
1381 923 1443 987 nai

304 1011 363 1082 oria
376 1015 483 1098 ἔννοια
493 1007 539 1079 ‘irs
552 1010 575 1095 ’i
591 1017 646 1082 soi
663 1016 797 1096 Χριστοῦ
809 1012 951 1094 balneio
969 1009 1086 1094 rigaras
1098 1007 1147 1076 tet
1159 1007 1245 1092 οἰιὲμ
1257 1033 1441 1089 κεκοιμη-

302 1099 418 1183 μένον,
445 1099 498 1164 sal
517 1093 593 1163 saed
616 1101 679 1160 πᾶν
702 1091 856 1180 σάββατον
879 1093 981 1178 μόναις
999 1097 1068 1179 περὶ
1084 1101 1148 1159 reis
1162 1099 1286 1174 ψυχαῖν
1304 1097 1440 1175 μνεία

302 1191 447 1266 ποιεῖται,
468 1184 520 1248 eal
539 1181 681 1268 σαββάτῳ
701 1181 743 1246 irs
761 1181 809 1257 tte
824 1187 881 1248 eoi
899 1181 1040 1246 ἐνιαυτοῦ
1055 1177 1121 1263 ἄγει
1137 1175 1338 1261 πανήγυριν
1355 1179 1436 1258 zeni

302 1265 423 1352 μνήμης
439 1272 548 1349 ψυχιὸν
561 1269 683 1348 μνιίαν,
711 1266 746 1330 io
756 1271 801 1352 rei
816 1262 875 1348 ιιμὸ
886 1271 942 1350 τῆς
952 1261 1100 1349 Ἀαόιιμιό
1114 1289 1195 1347 φημι
1206 1263 1270 1326 zet
1287 1269 1350 1349 τῇ
1364 1261 1435 1343 ιμ’

198 1367 221 1423 1²
237 1367 290 1424 544
306 1357 526 1435 Πινιηιιοσνῆς.
567 1349 675 1411 adnue
696 1361 724 1410 et
735 1372 790 1410 νον
802 1356 869 1411 sine
883 1351 1036 1412 intellectu
1048 1355 1139 1426 estis,
1168 1361 1198 1408 et
1209 1369 1282 1409 non
1298 1370 1433 1429 cogno-

300 1442 391 1498 vteris
406 1438 522 1498 vernn
535 1437 693 1496 ecclesiam
706 1457 795 1496 orare
810 1458 924 1517 eernper
934 1458 993 1517 pro
1010 1439 1052 1496 iia
1063 1438 1120 1517 qui
1133 1431 1367 1508 dormierunt,
1397 1445 1429 1490 et

295 1546 353 1606 per
369 1543 454 1582 omns
467 1521 631 1582 sabbatum
646 1524 932 1600 mensoriansfccrre
943 1523 1069 1582 solitam
1083 1523 1279 1580 animarum.
1323 1539 1428 1599 μνω-

301 1621 441 1690 terraque
453 1607 501 1667 bia
515 1609 548 1666 irs
567 1627 648 1668 anrso
657 1611 843 1688 panegyrim
854 1607 1000 1667 celebrare
1017 1607 1328 1666 commmoratimeia
1342 1607 1424 1662 assi·

302 1715 444 1770 marrim,
471 1695 617 1752 nimirum
640 1691 766 1752 subbato
780 1690 976 1773 praecedente
991 1685 1174 1752 dominicam
1189 1689 1422 1772 Corvsiepriaii

300 1791 330 1840 et
345 1779 472 1840 sabbato
489 1789 559 1838 ants
576 1779 778 1840 Pentecoetm.
819 1777 894 1838 baec
907 1777 1086 1841 Gennadius.
1129 1795 1229 1834 annus
1252 1795 1324 1854 quo
1338 1794 1417 1832 con-

300 1864 369 1945 tigit
381 1863 440 1925 boc
453 1864 520 1924 loco
534 1872 651 1923 aurata
663 1860 829 1922 Andronici
841 1861 1076 1922 Thessalonicam
1088 1861 1253 1942 profectio,
1274 1869 1315 1920 ut
1328 1859 1416 1918 inin

299 1949 323 2009 1.
342 1953 362 2012 8
378 1969 405 2014 c.
419 1955 441 2014 7
456 1947 627 2022 ostendam,
648 1947 707 2012 init
727 1945 837 2006 Christi
856 1951 947 2013 1299.
988 1947 1040 2026 qui
1058 1966 1155 2005 annus
1170 1965 1242 2004 cnm
1261 1964 1412 2004 numa·

300 2032 379 2092 verit
395 2032 515 2112 cyclum
529 2031 600 2092 solis
614 2035 666 2108 20,
681 2032 729 2092 cui
745 2031 889 2112 competit
902 2033 987 2091 litera
1003 2031 1095 2090 index
1107 2029 1283 2090 dominicae
1297 2031 1341 2105 l),
1357 2029 1410 2088 in-

299 2117 446 2198 telligitur
458 2117 509 2176 bic
521 2125 715 2177 memoratum
727 2116 832 2177 feriam
844 2127 956 2179 sexum
969 2117 1089 2176 ineunte
1100 2115 1269 2175 Februario
1283 2115 1321 2173 iu
1333 2133 1408 2173 sex·

300 2211 367 2262 tum
385 2201 539 2264 Februarii
563 2201 643 2262 diem
665 2200 818 2265 incidisse.
860 2202 920 2262 init
940 2219 1010 2280 ergo
1031 2201 1102 2260 talis
1121 2199 1182 2259 diei
1207 2218 1341 2280 vespera
1353 2197 1407 2259 iu·

301 2286 408 2347 obnata
421 2287 663 2348 commemoratio
676 2285 887 2348 defunctorum
901 2305 982 2346 mma
994 2281 1243 2359 hebdomadaria,
1265 2305 1334 2343 non
1345 2305 1407 2344 au·

299 2379 360 2428 tam
375 2389 434 2428 nna
450 2389 487 2428 ex
501 2371 680 2428 solemnibus
695 2380 884 2432 mortuorum
898 2371 1113 2452 panegyribns,
1135 2389 1211 2448 qnae
1225 2369 1291 2445 bis,
1314 2377 1354 2427 nt
1363 2389 1402 2428 ex

299 2453 455 2511 Gennadio
469 2452 655 2525 audivimus,
674 2453 706 2513 in
721 2476 800 2513 anno
813 2457 980 2515 ceremonia
991 2454 1180 2535 exquisitiori
1193 2456 1397 2528 celebrantur,

299 2536 424 2596 sabbato
439 2536 634 2615 praecedento
649 2536 832 2597 dominicam
842 2533 993 2619 Ἀπόιιμεω
1008 2542 1087 2616 sive,
1109 2551 1144 2599 nt
1159 2560 1226 2598 cum
1237 2538 1326 2614 vulgo
1338 2539 1390 2595 lo-

299 2640 385 2701 quar,
410 2620 615 2701 Onnnprntt
631 2622 825 2698 Graecorum,
847 2644 922 2703 quas
935 2624 1081 2685 coincidit
1094 2644 1164 2685 cum
1176 2632 1265 2683 noetrs
1280 2622 1384 2679 domi-

298 2706 367 2765 nica
382 2708 602 2785 sexagesimae,
624 2716 655 2768 st
667 2706 791 2766 sabbato
804 2718 874 2769 ante
888 2708 1092 2770 Pentecosten.
1130 2730 1198 2768 nam
1209 2707 1243 2766 de
1256 2704 1380 2766 sabbato

299 2791 423 2872 quidem
441 2794 646 2865 Pentecostes,
668 2792 740 2852 satis
761 2802 842 2873 patet
862 2814 952 2873 qnam
963 2796 989 2854 'a
1002 2815 1102 2855 mensa
1113 2791 1268 2857 Februario
1286 2811 1384 2851 remo.

299 2886 364 2937 tum
379 2876 428 2941 sit.
464 2876 619 2937 sabbatum
632 2887 729 2939 autem
742 2877 908 2940 dominicae
920 2880 1116 2961 carnisprivii
1132 2880 1315 2940 Graecorum
1323 2876 1386 2938 sive

201 2998 205 3009 ι
299 2962 518 3039 δαιμονίοισι,
545 2962 600 3021 illo
622 2982 702 3023 anno
723 2962 834 3023 Pascha
856 2970 895 3033 19
907 2965 1018 3045 Aprilis
1035 2963 1180 3041 habente,
1200 2963 1259 3023 luit
1268 2962 1331 3021 dies
1343 2968 1385 3027 21

298 3044 472 3120 Februarii,
494 3065 570 3125 quae
585 3044 629 3105 ed·
642 3050 812 3127 Ληναιῶνα
834 3046 1011 3129 ἐνεστηκότα
1032 3054 1180 3109 ineuntem
1189 3048 1385 3107 Februarium

177 3154 183 3163 ·
298 3130 385 3189 nullo
399 3137 488 3211 pacto
500 3130 640 3211 pertinet.
682 3142 788 3192 notum
803 3134 917 3215 qnippe
936 3135 1008 3195 satis
1026 3135 1126 3195 decem
1143 3141 1261 3192 tantum
1272 3134 1382 3211 primos

298 3214 441 3293 cuiusque
452 3216 562 3276 mensis
577 3214 639 3277 din
653 3215 710 3276 ista
728 3212 822 3299 μηνὸς
835 3214 1026 3299 ἐνεστηκότος
1036 3221 1146 3279 menreb
1158 3221 1290 3277 ineuntis
1305 3218 1381 3298 apud

299 3299 429 3359 Graecos
450 3300 653 3379 appellatione
672 3302 841 3382 designari3
868 3323 936 3363 cum
955 3306 1008 3383 qui
1028 3313 1194 3384 sequuntur
1215 3302 1254 3361 ad
1274 3306 1316 3368 20
1334 3325 1379 3381 με·

297 3385 401 3445 coires
412 3384 486 3461 μηνί
497 3384 647 3443 medicati
656 3390 751 3445 menei
759 3432 768 3463 ,
789 3388 898 3467 reliqui
912 3388 1052 3448 adfinem
1067 3408 1162 3468 usqne
1174 3382 1307 3467 λήγοντι,
1326 3386 1378 3446 boc

297 3475 342 3525 est
356 3466 518 3543 desinenti,
546 3470 639 3531 mensi
651 3470 832 3532 tribuantur.
873 3482 962 3551 atqua
974 3473 1032 3533 boc
1048 3473 1163 3555 ipsum,
1181 3472 1318 3531 videlicet
1334 3494 1376 3531 or·

297 3550 442 3611 dinarisna
462 3560 492 3609 et
513 3550 774 3616 hebdomadarism
796 3558 952 3617 dumtaxat
971 3559 1061 3619 inissa
1076 3557 1155 3618 banc
1173 3576 1376 3616 commemora·

296 3635 408 3695 tionem
421 3645 623 3716 mortuorum,
643 3640 759 3703 indicat
770 3652 871 3701 noster
890 3633 1070 3719 historicus,
1084 3643 1154 3702 dum
1172 3662 1238 3701 non
1253 3664 1374 3720 πανηγυ-

294 3720 460 3801 ριζομένων
479 3722 532 3781 sed
551 3726 824 3807 μνημονευομένων
841 3726 898 3786 boc
917 3726 985 3787 loco
1006 3733 1068 3791 sois
1086 3724 1304 3807 κεκοιμημένον
1316 3747 1372 3785 me·

296 3806 394 3865 minii.
434 3807 615 3868 mentionem
636 3830 730 3889 porro
751 3810 803 3869 bic
823 3813 930 3871 factm
944 3833 1133 3872 accensarum
1157 3814 1270 3884 iocum,
1292 3830 1368 3888 qnam

296 3908 350 3965 ego
364 3890 397 3950 iu
413 3890 659 3973 interpretatione
675 3895 713 3953 ad
724 3896 958 3956 ecclesiasticum
974 3918 1061 3956 nsum
1077 3918 1197 3975 revoco,
1219 3916 1278 3954 nou
1288 3895 1368 3954 decrit

296 3974 374 4033 forte
387 3976 439 4054 qui
451 3977 614 4037 contendat
628 3976 667 4036 ad
687 3999 767 4038 mera
785 3981 903 4039 civilem
921 3982 1105 4042 relorendam
1129 3982 1221 4041 inisse
1232 3982 1365 4041 rabonem.

296 4059 448 4119 enimvero
465 4081 522 4121 nec
534 4082 587 4141 ego
599 4062 704 4141 ignoro
720 4064 773 4122 tali
787 4066 961 4144 plerumque
978 4068 1131 4126 locutione
1150 4067 1293 4144 designari
1300 4074 1364 4123 ten-

295 4156 354 4217 pus
368 4160 509 4222 verperae
526 4148 645 4207 adultae
661 4166 756 4225 usqne
771 4150 810 4207 ad
828 4149 887 4208 iam
906 4152 1142 4212 increbescantos
1163 4150 1292 4211 tenebras
1306 4158 1363 4229 post

295 4242 431 4282 ocenum
446 4230 533 4306 solis,
554 4232 672 4309 qnando
695 4233 734 4291 ad
749 4236 946 4295 necessarium
967 4236 1091 4295 videndi
1108 4254 1210 4308 nsunt,
1231 4236 1302 4293 intra
1313 4234 1362 4293 do-

293 4324 357 4367 mos
368 4313 542 4388 praesertim
556 4316 636 4377 facea
651 4317 863 4379 accendantur.
906 4321 960 4381 sed
973 4322 1000 4381 si
1014 4322 1083 4401 quis
1099 4320 1239 4381 attentius
1252 4327 1359 4399 reputet
