3009 4900
248 227 284 275 rr
690 202 727 270 P.
751 199 918 268 POSSlNI

250 389 330 444 trem
353 373 481 445 viduam
500 372 667 461 tyrannicis
686 372 783 439 minis
804 370 845 438 ed
862 371 922 440 riri
943 370 1059 461 ipsius,
1089 370 1183 461 patris
1209 370 1277 455 sui,
1315 369 1382 438 iu-

251 481 368 548 dicium
390 481 505 568 scripto
526 477 736 542 damnandum
758 475 898 560 adigere3
923 477 1084 559 coniugem
1105 479 1185 560 regis
1207 477 1381 559 Ungariae

251 587 367 669 libam,
400 583 486 648 cuius
516 583 681 647 tenerrime
703 581 829 646 dilectae
849 592 984 644 mortem
1003 579 1186 644 mollissime
1212 583 1380 662 flevisset,

253 711 296 754 ex
316 687 380 754 leri
400 687 592 775 suspicione,
622 687 795 773 sepulturae
817 686 936 748 honore
960 685 1105 764 multare3
1131 680 1256 748 fratrem
1283 683 1379 748 Por-

252 791 492 880 phyrogenitum
521 790 712 854 circumferre
744 789 889 852 clathrata
915 807 1007 854 cerea
1030 798 1062 850 et
1083 786 1150 850 diro
1175 808 1295 852 carcere
1328 786 1379 850 ad

253 906 386 958 mortem
414 914 586 958 macerarer
622 913 730 958 vuum
760 902 791 955 et
820 891 932 954 horum
959 901 1078 978 partem
1113 913 1177 953 non
1207 889 1378 972 dubitarit,

136 1029 139 1033 ¹
252 998 299 1060 uti
326 996 462 1062 facinora
490 998 663 1084 praeclara,
701 990 893 1059 iactabundis
927 994 1061 1076 gloriose
1095 1004 1248 1058 ostentare
1288 1016 1377 1058 con-

254 1101 406 1166 tionibus.

358 1201 403 1268 ΙΙ.
451 1197 591 1266 Moribus
621 1211 687 1265 tam
719 1197 911 1264 instabih'hus
936 1195 1084 1286 principis
1109 1221 1188 1264 unus
1219 1210 1376 1264 constan-

255 1307 376 1376 tissime
397 1303 559 1390 respondit
579 1304 857 1391 perturbatissimus
883 1313 915 1366 et
934 1303 1216 1368 calamitosissimus
1238 1305 1374 1368 univer-

255 1432 311 1475 sae
333 1409 379 1474 rei
403 1407 542 1495 publicae
572 1417 678 1473 datus.
730 1406 881 1471 aerarium
908 1407 1116 1487 econamum,
1156 1427 1279 1494 semper
1308 1429 1373 1472 ex-

254 1512 356 1577 hausti
375 1511 496 1575 tributis
513 1511 699 1575 immanibus
713 1510 841 1598 populi,
866 1509 1032 1575 interversa
1054 1509 1265 1574 ministrorum
1286 1533 1373 1598 quo-

257 1637 319 1703 que
344 1614 556 1680 Palatinarum
580 1625 823 1693 auctoramenta,
848 1610 888 1676 ad
912 1611 1139 1678 mendicitatem
1164 1612 1277 1678 redacti
1307 1636 1373 1702 pu-

258 1717 394 1784 dendam
421 1717 484 1804 ipsi
508 1719 654 1783 ecclcsiae
673 1737 834 1806 procerem
864 1717 969 1780 classis
983 1717 1121 1782 funditus
1140 1719 1293 1799 neglecte,
1318 1739 1374 1780 er-

256 1823 340 1886 cium
375 1821 601 1886 limitaneorum
635 1819 788 1910 praesidia
821 1823 1005 1900 subtracta‚·
1028 1831 1185 1884 terrestres
1216 1820 1372 1886 exercitus

256 1928 349 2014 plane
382 1923 541 2012 dissipati,
580 1926 701 1989 inerme
736 1923 902 2012 imparium
939 1923 1061 1988 irritatis
1086 1935 1202 1986 temere
1222 1924 1371 1990 'barbaris

258 2029 437 2107 obiectum,
480 2049 602 2092 summa
634 2029 749 2092 tutelae
786 2048 822 2091 ac
856 2027 963 2091 salutis
999 2028 1138 2114 publicae
1162 2026 1266 2091 infidis
1293 2029 1371 2092 feris

258 2131 419 2220 rapacibus
440 2132 558 2196 exteris
578 2131 838 2196 inconsultissime
864 2130 1047 2210 commissa,
1072 2130 1143 2194 hinc
1165 2131 1271 2194 statim
1293 2153 1370 2196 con-

259 2232 372 2297 secutis
397 2235 577 2298 necesseriis
604 2235 765 2298 effectibus
793 2233 902 2300 talium
934 2253 1108 2312 causarum,
1145 2235 1369 2300 vastationibus

258 2335 503 2424 provinciarum,
536 2335 759 2424 direptionibus
793 2335 932 2422 urbium,
969 2333 1205 2424 depraedatione
1240 2338 1369 2424 captivi-

258 2450 321 2503 tate
350 2436 441 2504 caede
469 2442 542 2521 suga
570 2441 777 2526 populorum,
802 2435 993 2502 desolatione
1019 2439 1159 2502 omnium
1181 2438 1275 2503 fando
1298 2462 1368 2504 um-

259 2562 354 2631 quem
380 2539 550 2605 auditarum
574 2541 764 2620 tristissima,
780 2552 968 2605 *cunctamm
997 2542 1148 2607 latissime
1179 2542 1212 2605 in
1243 2555 1368 2631 uaeque

259 2644 353 2711 Asiae
379 2643 583 2733 Europaeque
619 2646 796 2709 confluente
821 2641 968 2708 Romano
1002 2647 1206 2709 subiectarum
1236 2647 1367 2735 imperio

260 2747 439 2832 regionum
476 2749 546 2835 ipsa
570 2748 627 2815 rix
655 2750 731 2811 urhe
759 2746 857 2829 regia,
885 2747 969 2811 cuius
989 2752 1156 2835 portubus,
1183 2750 1268 2815 cuim
1294 2773 1367 2838 por-

261 2850 303 2916 tis
329 2850 408 2915 mari
434 2852 548 2916 classes
575 2851 736 2938 piraticae,
764 2861 845 2913 terra
867 2850 1114 2915 latrocinantium
1135 2850 1266 2917 infestae
1287 2854 1366 2919 acies

261 2956 459 3019 barbarorum
486 2955 614 3042 impune
643 2974 767 3041 semper
793 2954 997 3033 insultabant,
1023 2955 1107 3042 ipsa,
1137 2955 1280 3041 inquam,
1306 2958 1365 3023 im.

262 3056 343 3145 perii
376 3055 451 3121 sede
485 3055 756 3144 Constantinopoli
788 3056 846 3121 vix
873 3057 1004 3121 liberum
1040 3059 1181 3145 spiritum
1214 3082 1303 3125 muro
1335 3070 1365 3125 et

262 3160 500 3247 propugnaculis
533 3170 670 3240 tutante,
706 3160 786 3222 inter
808 3160 997 3240 grassantem
1024 3160 1108 3225 intus
1135 3165 1267 3243 samem,
1298 3185 1365 3229 sae-

262 3261 401 3328 rientem
429 3264 529 3343 tuem,
562 3262 749 3327 seditionum
771 3264 852 3325 ferro
878 3265 944 3327 tace
970 3262 1221 3349 depraedantium
1246 3267 1363 3349 sangui-

262 3366 366 3429 narios
384 3368 521 3447 furores,
547 3377 646 3431 terrae
665 3376 785 3444 motus,
812 3363 876 3428 dira
902 3365 1060 3448 incendia,
1087 3380 1119 3432 et
1138 3366 1172 3429 id
1191 3390 1286 3449 genus
1305 3371 1363 3433 im-

263 3468 377 3533 missas
398 3466 546 3533 divinitus
568 3467 693 3549 clades3
726 3488 804 3554 quoe
827 3465 965 3533 dubitare
990 3470 1074 3538 cirea
1098 3470 1289 3537 miserrimos
1313 3496 1362 3537 co-

263 3584 370 3653 gerent
396 3582 463 3636 utra
484 3586 567 3637 esset
594 3574 698 3639 miuus
716 3570 893 3635 calamitosa
911 3574 1047 3655 fortuna,
1069 3573 1296 3656 gementiumne
1309 3579 1360 3641 sub

264 3676 410 3739 servitute
434 3676 589 3741 barbarica
622 3677 719 3739 semel
744 3672 963 3757 abductorum,
1000 3698 1046 3740 an
1076 3676 1174 3741 adhuc
1200 3682 1257 3743 sub
1288 3691 1360 3745 tecto

265 3778 363 3864 patrio
387 3780 534 3844 extremis
559 3779 739 3843 terroribus·
753 3779 978 3859 aestuantium,
1010 3792 1041 3843 et
1068 3802 1129 3867 quo
1154 3801 1225 3845 casu
1248 3782 1360 3871 perituri
1464 3840 1466 3861 ⁴

264 3881 485 3965 maximam,
514 3880 668 3947 cruciabili
689 3880 843 3946 anxietate
866 3881 1061 3949 incertorum.

369 3978 428 4051 ΙΙΙ.
478 3982 560 4049 Tam
581 3996 671 4049 atrox
694 3982 765 4047 irati
785 3982 920 4049 numinis
942 3984 1075 4051 vindicte
1095 3985 1205 4073 quibus
1220 3996 1289 4050 tunc
1301 4008 1360 4051 sce-

266 4082 381 4149 leribus
411 4100 642 4175 prorooeretur,
684 4084 880 4172 disquisitm
904 4109 923 4151 a
949 4088 1088 4173 plurimis
1121 4090 1231 4171 anxie,
1270 4090 1360 4177 ipsun

267 4209 389 4279 quoque
416 4208 453 4257 ee
482 4212 547 4257 uon
579 4189 780 4259 dusimmem
805 4190 872 4257 eius
898 4192 1055 4258 abstrusae
1085 4192 1131 4259 tei
1157 4192 1359 4261 sciscitatorem
