3009 4900
518 340 600 410 uu.
623 339 667 416 ll.
718 340 872 410 norm
1167 343 1243 420 771

102 505 319 589 Mpar’ulren
332 503 465 586 positum
481 523 539 588 pro
554 507 694 586 Rutulo,
712 515 750 570 ut
768 503 875 570 almilir
892 517 1079 590 prseteream
1091 523 1243 582 mann.

106 601 256 654 omum
273 599 318 652 art
332 591 480 652 Catelanis
495 592 584 654 valde
599 594 746 656 runcum
764 593 1034 676 iuisaelleraugsril
1048 616 1168 662 nomeu.
1208 601 1244 662 in

107 678 310 739 collectione
320 675 532 738 historicorum
542 680 594 758 qui
604 677 823 759 mmsgonna
833 683 1026 762 scripserunt,
1036 681 1244 762 auramqoin-

109 763 231 824 decim
252 764 407 822 catalano·
423 763 505 824 viros
523 763 654 824 illustros
669 765 722 843 qui
736 766 905 846 Buaogarit
922 777 1106 828 vocarentur
1125 789 1242 832 memo·-

109 858 217 910 ratoa
232 848 365 928 reperim
384 867 513 928 quorum
528 849 656 928 sllq11am
667 849 751 912 huuc
762 851 861 932 ipsum
871 852 970 927 luisse,
991 851 1102 932 dequo
1116 844 1168 914 lric
1178 856 1244 936 egi·

111 941 199 1011 tur,
224 933 417 1010 crediderim,
446 933 517 994 licet
534 937 601 1014 quir
622 936 662 997 sit
681 955 721 996 ex
742 936 881 998 omnibus
903 937 1056 1018 designare
1080 948 1162 1000 certo
1180 961 1243 1002 non

114 1019 257 1100 possim.
311 1017 375 1080 vidi
397 1017 556 1099 posthaec
576 1020 637 1082 iam
654 1023 766 1103 scripta
784 1022 897 1082 librum
913 1023 995 1084 Patri
1015 1017 1243 1086 d’Outremanni

108 1104 232 1184 *nostri
249 1103 287 1164 da
299 1103 423 1164 Excidio
439 1105 636 1184 Graecorum,
656 1106 689 1168 iu
711 1125 772 1186 quo
791 1105 857 1187 lego
876 1113 934 1174 cs
956 1129 987 1189 p.
999 1105 1064 1176 465
1083 1129 1191 1171 rarum
1210 1119 1243 1172 et

118 1189 269 1272 putrium
290 1207 399 1249 nomen
412 1187 502 1249 buiua
516 1189 687 1272 Mpyrigerii
701 1191 831 1252 Tentrae
848 1192 938 1252 fuisse
950 1197 1161 1274 Barmgon'ua
1173 1199 1244 1257 lila-
1372 1241 1379 1274 ,

121 1287 224 1334 tenua
244 1273 293 1334 vel
311 1274 349 1334 da
372 1275 528 1352 Intentir'a3
554 1295 681 1356 eumque
703 1277 793 1338 luisse
813 1296 919 1358 gauere
935 1279 1119 1342 Catalauum.
1160 1279 1244 1342 bunc

121 1357 299 1421 Phrantzer
312 1359 333 1426 l.
350 1361 366 1424 1
384 1363 438 1425 c.8
451 1371 541 1420 vocat
559 1361 794 1437 Pr'cerr'otetrom,
806 1363 941 1424 conllatis
956 1365 987 1424 in
1001 1383 1095 1425 unum
1108 1373 1139 1427 et
1153 1389 1245 1427 mon«b

123 1455 232 1506 etrose
246 1444 393 1525 corruptis
406 1445 558 1506 vocobulia
573 1446 699 1518 dnobus,
721 1449 929 1530 Mpyrtgerr'raa
949 1449 1067 1514 utorio.
1097 1451 1245 1531 Gregoraa

124 1531 152 1598 l.
164 1533 189 1594 7
211 1549 244 1609 p.
261 1535 321 1596 103
342 1531 466 1610 propius
477 1531 517 1594 ad
530 1529 741 1614 Pachymmem
751 1533 836 1597 huuc
846 1534 1022 1599 Cetelermm
1034 1538 1245 1618 Ptriogerium

127 1616 284 1678 Tauron
301 1615 447 1678 nominat.
497 1677 501 1684 ,

219 1753 252 1816 p-
267 1733 330 1802 617
342 1754 375 1794 v.
388 1739 419 1800 7.
461 1739 526 1811 τοῖς
543 1737 605 1800 τῶν
621 1739 734 1820 κιρρῶν
745 1729 946 1820 παρασήμοις.
987 1727 1030 1800 its
1044 1739 1069 1800 B
1083 1740 1195 1821 mdex;
1215 1739 1243 1801 V

129 1827 238 1880 antem
254 1824 319 1892 τοῖς
329 1818 363 1883 ix
377 1823 438 1882 toln
450 1817 600 1903 norpdronr
612 1819 812 1906 παρασήμοις.
832 1819 871 1886 rol
881 1817 974 1906 κιρρᾶ
985 1825 1057 1904 gilvi
1069 1827 1186 1903 coloris,
1206 1836 1244 1888 ut

95 1921 101 1931 ·
130 1911 242 1966 notum
256 1911 310 1979 cst,
330 1905 507 1966 vestimenta
522 1915 603 1980 aunt,
625 1907 715 1968 madii
727 1908 808 1968 inter
821 1903 922 1969 album
935 1919 965 1969 et
977 1911 1089 1986 rusum,
1109 1911 1211 1972 malini
1225 1933 1244 1972 a

131 1991 222 2052 mella
244 1988 421 2066 quibusdam
440 1990 523 2054 dicti.
564 1991 644 2052 idem
666 2002 765 2053 autem
790 1993 934 2055 ridentur
951 1996 1117 2076 exprimere
1135 1993 1173 2059 τὰ
1193 1999 1244 2061 nl⁴

132 2095 230 2158 rpuvrr
243 2075 269 2134 V
282 2075 407 2136 codicia:
427 2097 490 2136 vox
502 2077 611 2156 quippe
623 2095 658 2136 es
671 2087 717 2138 eat
729 2095 747 2138 a
760 2079 851 2164 ulrppr
863 2081 947 2139 molo
959 2083 1049 2141 curio
1063 2082 1165 2159 ducta,
1186 2104 1242 2143 cua

133 2159 182 2220 ina
199 2160 318 2220 corticis
333 2161 478 2221 naturalis
492 2161 574 2222 color
591 2179 608 2220 a
628 2163 707 2242 gilvo
722 2173 777 2224 aut
789 2164 899 2224 melino
912 2185 975 2226 non
989 2159 1139 2228 abhorret.
1184 2168 1244 2228 dn·

134 2243 200 2305 bito
216 2253 316 2304 tomen
333 2246 370 2306 de
386 2247 534 2330 scriptura
550 2266 589 2307 an
605 2264 668 2308 non
682 2249 892 2330 congruentius
910 2249 948 2311 ad
968 2251 1131 2334 anologiam
1152 2251 1242 2314 scribi

135 2325 174 2393 τρὶ
186 2330 312 2414 κίτρηνα
325 2329 441 2396 dabeat·

220 2471 251 2531 p·
264 2450 328 2518 619
344 2472 373 2512 v.
390 2450 421 2519 6.
463 2447 506 2511 ue
524 2446 599 2514 labis
613 2470 710 2515 cornu
727 2453 817 2515 tectis
831 2454 1003 2517 montis
1016 2450 1076 2519 lroc
1089 2456 1157 2519 loco
1171 2458 1242 2521 vids

137 2532 317 2597 Glossarium
332 2557 363 2603 v.
378 2530 558 2623 κερᾶσβολοι
570 2534 692 2621 adeptor.

217 2670 249 2735 P.
267 2656 331 2722 626
351 2674 382 2717 v·
405 2660 456 2721 11.
501 2656 683 2719 Persuadere
699 2655 759 2716 luo
776 2664 843 2717 tota
863 2658 1037 2718 narratione
1060 2658 1165 2720 studet
1182 2656 1243 2719 Pa*

139 2733 289 2819 chymeras
329 2740 408 2800 solor
447 2740 558 2801 Alanos
599 2744 661 2803 sine
699 2742 784 2801 iussu
822 2760 968 2801 consensu
1003 2751 1057 2803 eut
1088 2746 1243 2803 conscien-

139 2826 180 2885 tia
198 2820 347 2885 Michaelis
360 2824 486 2903 Augusti
507 2836 643 2887 auctores
663 2823 752 2887 luisde
776 2826 858 2885 necis
875 2826 1037 2890 nonnoni.
1079 2827 1243 2891 Phrontzcs

141 2918 236 2969 tamen
254 2910 501 2991 protovestiarius
514 2910 565 2976 101
591 2932 617 2975 c.
631 2915 651 2977 8
667 2911 778 2971 dimrte
794 2911 924 2971 affirmat
938 2908 1113 2972 michaelem
1129 2916 1243 2975 satelli-

142 2994 218 3060 tibus
234 2996 292 3055 sulr
314 3004 345 3055 et
364 2996 557 3077 stipatoribus
578 2996 732 3056 mandasse
751 3004 788 3056 ut
803 2996 963 3075 Rogarinm
985 2995 1042 3078 (sic
1057 3008 1137 3059 recta
1155 3001 1242 3059 Rou-

142 3082 261 3140 tzerium
280 3081 423 3160 appellat)
443 3081 668 3145 obtruncarent.
712 3083 858 3160 Gregorss
870 3080 891 3143 l.
907 3088 972 3162 71).
989 3086 1052 3149 102
1064 3086 1105 3143 ait
1120 3086 1241 3145 caedam

142 3166 217 3225 illam
231 3166 339 3225 luctam
355 3188 372 3224 e
392 3167 536 3227 militibus
549 3160 719 3243 Michaelis,
742 3166 825 3246 quod
836 3167 863 3227 ei
878 3168 990 3227 iratum
1004 3168 1090 3227 illum
1109 3182 1242 3246 nossent,

143 3259 248 3331 gratum
262 3250 318 3331 ipsi
332 3254 395 3313 lore
411 3251 572 3314 arbitratis.
612 3254 693 3315 idem
709 3261 810 3311 tamen
829 3251 918 3332 poulo
933 3260 1001 3333 poat
1015 3271 1078 3313 non
1094 3256 1242 3316 iuniorem

144 3336 232 3397 solum
242 3336 295 3396 sad
307 3344 338 3396 at
350 3336 495 3398 saniorem
509 3337 659 3420 Augustos
676 3338 762 3399 istius
772 3334 910 3398 iocinoris
923 3338 1088 3418 suspicione
1103 3344 1241 3421 aspergit,

145 3422 209 3483 dum
226 3421 329 3483 scribit
344 3423 537 3485 lloutuerium
554 3425 744 3485 intersectum
763 3444 781 3482 r
797 3423 955 3501 Romanis,
976 3426 1059 3502 qnod
1077 3426 1158 3507 ipsos
1177 3429 1241 3487 eiua

145 3508 267 3567 accersiti
287 3508 461 3589 poeniteret.
502 3509 573 3569 aetia
588 3511 666 3571 anim
681 3518 767 3590 patet
778 3528 842 3572 nou
860 3510 1016 3590 sprivetia
1031 3506 1115 3573 hunc
1126 3514 1241 3574 Roma-

146 3592 186 3653 nis
199 3592 248 3653 aad
263 3592 299 3653 ab
313 3594 525 3677 imperantibus
540 3598 726 3657 acceraitum.

220 3730 250 3790 p·
262 3712 324 3778 529
337 3732 367 3773 v.
379 3714 437 3777 ult.
478 3714 661 3774 Catalacum
674 3710 841 3794 quosdam.
882 3731 991 3775 noman
1005 3708 1096 3775 buiua
1105 3714 1237 3775 Getolsui
1254 3727 1345 3785 1²555

145 3794 237 3875 prodit
253 3797 477 3859 Outremannua
495 3798 548 3863 lib.
571 3800 609 3859 de
633 3800 705 3859 Exc·
724 3800 830 3861 Graec.
844 3818 870 3860 c.
884 3804 945 3881 dp.
961 3800 1043 3872 466,
1064 3793 1238 3861 Feruendez

147 3882 240 3953 Aoupa.
283 3882 336 3943 ubi
350 3892 380 3944 at
394 3886 456 3945 aius
467 3905 602 3945 socerum
610 3930 619 3962 ,
643 3904 731 3963 quem
743 3882 846 3951 ‘Pooo'l
858 3878 961 3967 παρόν
974 3880 1167 3964 Pachymeres
1181 3905 1238 3967 sp-

179 3967 227 4027 llat
249 3968 321 4045 (nor
341 3970 465 4031 Raiilem
484 3972 622 4032 Crassum
646 3971 811 4049 vertimus)
835 3970 898 4051 ipae
920 3971 1056 4031 nominat
1073 3970 1238 4033 lindulfum

167 4068 293 4131 aqueum.

219 4192 247 4251 Ρ.
262 4174 325 4241 531
341 4192 370 4235 v.
385 4176 441 4239 ult.
482 4169 547 4235 Hac
565 4172 710 4235 seditione
725 4173 947 4235 Outramennns
967 4172 1080 4235 oco‘sos
1093 4185 1240 4238 memorat

122 4300 123 4303 ,
148 4254 313 4319 liudericum
325 4257 415 4321 Perea
429 4260 467 4323 do
479 4264 509 4326 S.
527 4262 630 4338 cruce,
651 4260 820 4321 Arneldum
836 4260 875 4320 da
887 4258 1065 4339 Moncorto,
1084 4270 1117 4321 et
1128 4254 1240 4323 Ferra-

149 4343 214 4405 rium
229 4344 266 4405 da
280 4344 429 4425 lorellaa,
448 4368 466 4409 a
481 4346 659 4427 Berengerio
674 4347 786 4428 legator
795 4344 836 4407 ad
848 4344 1056 4409 Andronicum
1068 4348 1182 4409 masos.
