3009 4900
333 337 405 410 804
634 337 867 406 OBSERVAT.
893 337 1130 405 PACHYMRR.

332 509 490 584 claraeaet,
510 503 595 564 dedit
607 523 638 564 aa
651 503 702 564 hic
715 505 746 564 in
763 507 859 581 viam,
881 515 911 564 et
925 525 1005 565 nona
1020 506 1057 564 ab
1068 503 1128 563 hoc
1141 503 1232 580 die,
1263 504 1352 565 feria
1368 514 1435 582 qma

332 591 533 652 hebdomadae
552 589 700 668 Thoana,
741 589 857 670 primae
886 600 956 672 poet
976 591 1168 665 Paacbalem,
1221 590 1395 650 admiasaa
1413 602 1440 646 re

333 679 392 738 suit
412 697 444 736 ea
461 677 523 737 diea
547 675 659 755 Aprilia
681 675 793 754 quinta.
836 684 918 735 aexta
943 677 1111 756 inaequenti
1127 676 1272 736 cae-ar
1292 678 1436 734 Rontm

333 783 478 824 unacum
498 763 629 838 Augusto
651 761 796 822 nichaen
814 759 848 819 in
869 762 974 820 urbem
994 761 1247 842 Adrianopolim
1267 761 1408 820 solemni
1421 781 1464 814 az

335 867 424 908 curan
436 844 629 908 invehuntur.
672 846 725 906 aed
738 847 828 926 paulo
844 857 912 924 poat
925 847 1004 906 idem
1016 848 1124 904 Caeaar
1137 846 1174 904 in
1191 846 1333 906 limine
1346 847 1443 904 cubic.

334 933 499 1010 Augustae,
526 951 616 1010 quam
635 932 797 990 aalutatum
822 931 902 1010 ibat,
931 932 969 988 ab
991 932 1091 990 Mania
1116 950 1246 990 necem
1275 931 1348 990 filii
1371 931 1445 987 Gerr.

335 1017 438 1097 Cynici
459 1015 638 1076 aCateiania
657 1027 803 1096 patratam
824 1016 1039 1077 ulciacentibua
1057 1017 1264 1076 interfectae
1289 1025 1365 1092 eat,
1388 1033 1452 1096 praa

335 1105 356 1163 Ι.
371 1108 391 1169 6
407 1124 432 1162 c.
446 1105 486 1166 24
498 1102 670 1162 dictinctiue
689 1112 840 1167 narratur.

227 1273 317 1330 esea
672 1265 942 1344 CAPUT
992 1267 1089 1343 vlt

378 1408 466 1486 Quae
481 1404 678 1481 Pachymerea
688 1409 722 1464 in
737 1417 870 1484 utraque
878 1415 971 1484 purte
980 1404 1077 1464 laniae
1090 1403 1260 1464 tuom
1280 1407 1428 1486 φακὴ

334 1491 432 1554 tradit
457 1490 494 1552 de
520 1492 609 1550 retas
639 1503 666 1550 et
685 1490 879 1570 principibus
900 1491 1137 1570 Megadorum,
1171 1512 1213 1550 ex
1247 1500 1455 1550 ammenta·

451 1577 598 1638 Arabicis
614 1577 791 1651 illaeatrutu,
813 1573 920 1634 ordine
939 1587 1106 1656 temporum
1123 1573 1352 1655 digamum.

419 1695 444 1756 1.
488 1695 688 1774 Muguliorum
706 1695 824 1778 imperii
836 1695 897 1755 late
910 1713 964 1774 per
977 1694 1076 1754 daiam
1091 1694 1128 1752 ab
1145 1715 1235 1754 anuo
1259 1694 1387 1754 chricti
1402 1691 1453 1748 cir.

337 1783 413 1842 citer
429 1782 631 1841 ducentesimo
649 1799 740 1860 aupra
764 1778 955 1840 milleaimuru
977 1779 1017 1838 ad
1041 1779 1244 1840 niiieaimuna
1277 1777 1448 1841 trecorensi

336 1887 417 1925 naum
437 1867 688 1944 quadrageaimuna
711 1865 804 1940 cieri,
826 1865 878 1926 aed
897 1864 981 1944 quod
997 1863 1064 1924 iure
1078 1866 1225 1925 nonnulli
1250 1866 1365 1946 questi
1378 1873 1448 1927 aunt.

336 1953 456 2009 Graecia
473 1951 640 2028 Latiniaque
651 1951 850 2032 aoripton'bua
864 1951 954 2009 nimia
964 1951 1170 2029 perfunctorie
1183 1951 1373 2022 memorati,
1393 1967 1445 2005 noa

336 2038 425 2096 facile
446 2037 601 2115 quiequam
624 2037 698 2094 aiiua
723 2037 830 2094 horum
848 2045 1018 2115 temporum
1042 2047 1112 2095 nota
1133 2055 1190 2116 per
1206 2037 1373 2118 Europam
1386 2035 1442 2091 lia·

336 2143 394 2200 gua
421 2142 494 2182 naua
516 2121 679 2182 historicus
706 2120 885 2181 crebriorem
912 2121 1193 2198 dictinctioremque
1227 2127 1298 2181 auia
1327 2117 1441 2198 acaipfit

335 2207 518 2266 mentionem
531 2207 657 2266 ineeruit
671 2226 759 2283 quain
776 2207 969 2288 Pachymerea
982 2205 1035 2265 hio
1056 2215 1170 2264 noster.
1216 2209 1272 2267 cui
1286 2216 1436 2287 propterea
1463 2192 1465 2213 '

335 2289 517 2348 illustrando
536 2292 686 2349 addictam
702 2293 816 2352 dudum
829 2291 941 2351 habena
955 2309 1094 2373 operam,
1116 2289 1224 2370 sugere
1237 2294 1330 2352 aalvo
1343 2288 1435 2349 officia

334 2391 396 2430 non
414 2374 518 2451 potui,
542 2375 615 2453 quin
630 2374 745 2453 illigare
760 2385 840 2434 certa
855 2378 973 2436 ratione
993 2375 1204 2455 chronologica
1224 2397 1355 2437 conarer
1365 2390 1431 2453 quit
1463 2378 1465 2385 '

332 2456 417 2516 varie
432 2458 483 2518 iiic
497 2476 531 2515 ac
546 2458 671 2515 consuae
684 2461 822 2517 indicano
834 2462 942 2541 paaaim
964 2462 1002 2520 dc
1023 2462 1166 2540 Magaliia
1183 2463 1313 2543 plurima
1328 2478 1432 2535 conge·

334 2542 395 2615 n’t3
415 2540 453 2599 ad
468 2542 548 2619 quod
560 2562 665 2624 parurn
679 2544 787 2623 utique
801 2544 925 2604 aubaidii
942 2545 975 2603 io
990 2547 1111 2607 Graecia
1126 2548 1295 2624 Latinieque
1306 2543 1432 2604 histori-

336 2628 379 2687 cia
400 2628 553 2707 reperient
572 2628 729 2689 consulere
749 2650 815 2688 sum
839 2630 950 2690 Arabae
970 2639 1103 2691 coactae.
1147 2654 1188 2693 ex
1206 2632 1250 2690 iria
1264 2632 1427 2708 Gregorius
1462 2673 1463 2700 p

336 2712 593 2793 Abuipharagiua,
615 2713 930 2775 christiania-auctor
948 2718 1081 2775 accurati
1102 2718 1258 2793 Chronici,
1279 2736 1377 2794 nuper
1390 2732 1426 2769 ex
1462 2765 1464 2814 Ι

336 2798 464 2857 Arabico
489 2800 647 2859 Latinitate
675 2801 779 2861 donati
809 2811 897 2881 atque
926 2812 1056 2881 utroque
1080 2804 1267 2863 coniunctim
1288 2803 1422 2863 idiomate

336 2883 466 2942 Iaondini
481 2886 553 2941 editi
570 2881 606 2941 ab
624 2884 767 2946 Eduardo
790 2886 955 2963 Pocockio,
982 2888 1015 2946 in
1028 2886 1090 2945 hoe
1107 2888 1193 2948 dere
1209 2890 1340 2950 namna
1354 2883 1422 2963 opti·

337 2986 384 3025 me
409 2968 532 3043 merito,
559 2990 621 3039 me,
654 2973 734 3049 quod
758 2982 841 3050 grate
861 2974 969 3045 fateor,
998 2973 1078 3032 iuuit
1099 2975 1266 3049 insigniter.
1312 2974 1419 3033 visitet

336 3052 458 3133 scripsit
473 3053 499 3111 ia
512 3052 769 3136 chronographua‚
795 3066 887 3135 prout
900 3057 1081 3134 colligiture
1095 3060 1188 3118 variia
1201 3061 1268 3118 eiua
1280 3060 1376 3140 operia
1385 3055 1420 3111 lo·

336 3138 396 3211 cia,
419 3138 581 3219 incipiente
606 3139 753 3201 dominari
776 3143 1034 3222 Cunctantiuopoii
1055 3144 1145 3203 domo
1165 3145 1358 3223 Paiaeoioga,
1375 3138 1419 3197 aab

335 3220 442 3303 primia
456 3225 519 3282 eiue
533 3224 663 3286 nominis
681 3228 909 3307 imperatoribua
920 3228 1063 3289 ntiohatta
1078 3240 1108 3287 et
1122 3229 1299 3289 Andronico
1313 3230 1418 3294 genien,

337 3326 466 3385 quorum
486 3318 552 3366 acta
576 3311 704 3370 duorum
727 3312 974 3393 Pachymerianae
985 3314 1075 3372 huiua
1090 3314 1230 3373 hiatoriae
1245 3316 1418 3375 voluminum

335 3401 541 3467 argumentum
556 3403 642 3455 eunte
664 3398 898 3477 acripaitautem
911 3400 991 3458 etad
1007 3418 1105 3457 rerum
1122 3418 1195 3459 vere
1207 3412 1358 3478 gestarum
1367 3416 1416 3457 eae

336 3484 414 3535 ctam
435 3476 649 3539 indicationem
670 3491 699 3541 et
720 3485 758 3541 ad
777 3494 944 3561 temporum
967 3484 1201 3558 ordinationem,
1229 3498 1375 3563 quantum
1389 3498 1416 3538 ex

337 3560 497 3619 collatione
521 3580 589 3621 cum
612 3567 733 3644 optimis
757 3568 921 3646 quibusque
950 3570 1108 3648 explorare
1125 3570 1229 3649 potui,
1258 3572 1415 3631 fidelissime

339 3664 432 3725 quare
447 3650 637 3708 accuratione
653 3672 740 3731 quarn
764 3664 895 3731 praeatat
913 3654 945 3710 in
960 3654 997 3711 iia
1011 3674 1087 3733 quae
1099 3666 1226 3733 poseant
1236 3658 1341 3717 alieno
1355 3652 1416 3717 teati-

337 3730 440 3791 monio
460 3737 597 3811 coargui,
625 3736 731 3815 digana
754 3738 876 3798 videtur
894 3738 945 3799 cui
964 3740 1040 3798 {idea
1059 3758 1162 3799 secure
1175 3740 1326 3802 habeatur
1341 3737 1415 3801 iata

338 3836 414 3896 quaa
428 3818 557 3877 affirmat
570 3822 659 3883 uolua.
1242 3832 1248 3839 '

422 3902 457 3961 11.
499 3904 556 3963 Hic
576 3900 669 3985 igitur
696 3906 745 3965 eui
772 3903 914 3965 chronici
941 3906 975 3965 in
994 3906 1122 3967 Arabico
1142 3908 1264 3988 quida·
1289 3917 1416 3970 centua

337 4004 370 4063 P·
383 3986 456 4063 427,
473 3988 506 4046 in
527 3990 629 4049 Latina
651 4010 724 4051 vero
745 3991 991 4071 interpretatione
1011 4014 1042 4071 p.
1058 3997 1131 4069 280,
1149 3994 1192 4053 ait
1211 4016 1293 4055 anno
1309 3996 1416 4074 Regino

337 4070 410 4145 699,
429 4072 513 4131 cuiue
528 4074 646 4135 initium
662 4077 720 4136 fuit
741 4076 804 4135 diea
824 4082 868 4142 20
879 4078 1057 4155 Septembris
1077 4080 1109 4136 in
1123 4100 1202 4138 anno
1212 4101 1299 4141 aerae
1313 4093 1416 4140 noatne

336 4150 451 4213 canan
467 4159 595 4235 ardgario
619 4166 710 4237 1202,
731 4160 864 4241 coepiaae
881 4163 1039 4241 imparium
1056 4164 1291 4244 Megalenaium,
1313 4166 1415 4226 deaiiaat

336 4244 436 4295 autern
451 4240 608 4318 imperium
631 4246 847 4305 Praeateiannia
866 4247 930 4306 aive
947 4249 1113 4327 Preabyteri
1133 4250 1262 4311 ioannia.
1305 4252 1415 4311 tonnae

335 4329 400 4380 erat
416 4340 574 4391 commune
592 4349 703 4391 nomen
731 4332 903 4411 principum
924 4332 1066 4393 iatiaaime
1093 4334 1245 4411 quondam
1268 4335 1413 4397 dominan-
