3009 4900
27 409 40 426 ,
92 341 358 413 onsrrvar.
373 337 607 410 ancarana
634 337 713 412 uu.
729 337 788 408 ur
812 339 1086 410 οοοοοοιοο.
1145 339 1220 414 arr

93 509 149 578 26
174 507 298 568 solidos
317 505 479 582 addemur,
499 504 552 566 fiet
569 524 665 567 anuas
683 503 795 568 Christi
813 511 912 584 1807,
932 506 967 567 in
984 509 1072 568 cuius
1092 507 1142 574 dia
1160 527 1220 570 un-

97 593 237 653 decima
257 591 429 653 Decembris
448 609 567 654 necesse
587 591 626 650 ait
641 603 750 652 metam
772 591 900 668 defigere
918 593 1056 653 ultimam
1074 596 1219 674 temporis

99 679 175 738 huc
199 677 327 738 historia
345 677 500 756 descripti.
542 675 613 756 quia
633 696 706 738 varo
727 677 762 736 in
781 677 959 738 collectione
979 678 1127 738 maiorum
1138 700 1219 740 aum.

99 781 239 836 auarum
261 762 324 824 sere
344 765 488 823 minutiae
510 771 761 838 contemnuntur,
780 759 862 823 haud
877 783 1054 844 magnopere
1070 783 1220 843 repugna·

100 847 233 924 verim,
254 847 362 927 siquis
377 847 463 908 malit
476 866 494 907 a
505 845 642 908 kalendis
657 846 804 908 Ianuariis
817 847 889 908 anni
901 847 1015 909 elarini
1034 852 1117 916 1288
1127 848 1219 912 huius
1234 855 1257 911 Ρ
1273 857 1324 914 562

27 921 29 996 l
101 932 265 994 historiae
283 933 403 994 initium
421 931 549 1008 ducms,
570 952 605 992 ac
630 930 720 992 finem
747 931 882 992 ciusdem
904 932 938 992 in
956 932 1093 996 halandia
1113 935 1221 996 iisdem

27 1013 28 1026 ¹
105 1016 193 1078 anni
208 1021 293 1084 1808
305 1027 451 1096 statuere,
472 1017 788 1098 neglectisutrobiqus
798 1017 909 1096 viginti
923 1019 1046 1090 diebus,
1067 1019 1117 1098 qui
1129 1040 1221 1100 supra

27 1115 28 1174 1
107 1104 255 1184 priorem
271 1101 416 1183 epocham
429 1101 601 1182 abundant,
620 1102 782 1186 posteriori
798 1102 909 1165 duuut
922 1105 962 1165 sd
977 1104 1139 1188 perfactam
1154 1106 1222 1187 ple-

27 1193 28 1198 ’
106 1187 300 1250 nitudinem.

206 1313 260 1378 lll.
303 1313 342 1374 Et
361 1313 552 1375 commodum
576 1313 615 1373 ad
633 1314 721 1374 istam
741 1313 870 1397 putandi
894 1315 1041 1376 rationem
1061 1314 1132 1376 satis
1152 1325 1221 1398 apte

115 1399 275 1480 quadrant
289 1398 362 1459 anni
376 1400 457 1460 vitae
471 1397 655 1488 Andropici,
678 1419 755 1480 quoa
768 1399 956 1479 insignienda
969 1399 1119 1481 principio
1131 1403 1222 1482 spatii

114 1495 310 1546 narratarum
327 1505 344 1543 a
358 1504 390 1544 ee
404 1483 464 1545 hoc
479 1505 568 1564 opere
582 1503 683 1545 rerum
697 1495 801 1545 noster
813 1485 935 1546 adhibet
948 1483 1116 1549 historicus.
1151 1508 1222 1548 nam

115 1572 238 1631 editum
259 1569 291 1630 in
311 1569 410 1628 lucem
424 1568 475 1630 rel
491 1590 593 1630 mense
609 1569 746 1630 ianuario
762 1569 811 1630 uel
825 1569 979 1629 Februarii
997 1571 1146 1651 principio
1162 1573 1222 1632 An-

117 1655 283 1718 dronicum
301 1653 383 1715 hunc
397 1655 621 1736 imperatorem,
643 1653 757 1714 dudum
771 1655 943 1734 collegimus
966 1651 1050 1738 (vol.
1065 1655 1079 1715 l
1094 1678 1125 1736 p.
1137 1655 1221 1738 748)

117 1761 159 1802 ex
179 1741 242 1800 illis
258 1738 421 1820 Nicephori
443 1739 590 1818 Gregorae
608 1739 748 1802 verbis-l.
765 1744 804 1804 10
825 1761 855 1821 p.
871 1738 950 1816 214,
973 1742 1079 1818 quibus
1098 1741 1131 1800 in
1152 1762 1222 1801 mo-

119 1826 216 1887 nodia
237 1825 275 1884 de
291 1823 459 1886 Andronici
479 1825 609 1886 eiusdem
631 1825 715 1884 obitu
737 1823 869 1887 affirmat
887 1844 954 1885 eum
975 1825 1026 1885 dis
1044 1825 1222 1885 duodecimo

97 1911 278 1972 'Februarii
298 1909 476 1970 morientem
503 1910 669 1992 explevisse
696 1929 809 1969 aunum
837 1911 943 1970 aetatis
966 1919 1105 1990 quartum
1130 1931 1223 2015 supra

123 1995 386 2078 septuagesimum.
428 1993 567 2078 alrupror
590 1992 645 2076 pir
669 1989 730 2076 ἤδη
751 1994 804 2058 ast
826 1991 1049 2077 ἑβδομηκοστὸν
1073 1994 1139 2070 ἔτος
1161 1993 1222 2058 unii

123 2079 267 2166 perinane
279 2075 360 2166 αὐτῷ
373 2083 546 2143 τελευτῶντι
557 2074 677 2162 ἠνύετο.
721 2089 854 2160 quartus
869 2091 897 2138 et
910 2083 1150 2162 septuagesimus
1166 2101 1225 2139 an.

125 2189 188 2226 nass
209 2187 230 2225 a
247 2167 412 2225 nativitate
432 2168 495 2245 ἱροὶ
513 2168 653 2224 morienti
674 2163 895 2224 absolvebatur.
937 2186 1006 2225 cum
1031 2175 1128 2227 autem
1157 2186 1224 2225 eum

126 2260 232 2313 natum
263 2249 486 2311 definiverimus
512 2250 623 2311 ibidem
652 2270 731 2310 anno
760 2249 872 2310 Christi
900 2253 1001 2328 1258,
1032 2250 1225 2327 intelligimur

128 2337 229 2418 ipsum
258 2335 422 2414 ingressum
453 2357 564 2396 aunum
588 2343 729 2414 quartum
749 2343 780 2396 et
798 2334 973 2395 vicesimum
998 2335 1103 2395 aetatis
1124 2337 1224 2416 primo

129 2420 329 2502 sesquimense
341 2421 413 2480 anui
426 2419 537 2483 Christi
555 2426 637 2491 1282
651 2420 737 2482 cuius
753 2421 826 2481 anni
838 2439 939 2481 mense
954 2419 1061 2481 ultimo
1076 2421 1155 2501 patri
1172 2420 1227 2481 sle-

131 2508 246 2568 cedenti
258 2507 340 2567 eolus
354 2505 386 2565 in
399 2506 525 2588 imperio
540 2506 703 2567 succedens
716 2516 867 2567 extremos
879 2506 1016 2567 trahebat
1029 2526 1142 2567 menses
1156 2509 1227 2566 anni

131 2614 198 2654 sure
220 2592 301 2653 vitae
323 2592 423 2671 quarti
445 2602 476 2652 et
496 2592 646 2668 vicesimi,
668 2601 740 2674 post
761 2612 825 2653 non
847 2593 960 2653 multos
974 2592 1039 2652 dies
1052 2592 1227 2670 vigesimum

132 2678 269 2759 quintum
290 2676 439 2751 initurue3
467 2696 504 2737 ex
528 2697 588 2756 quo
608 2686 745 2758 tempore
772 2697 840 2736 cum
865 2696 960 2736 annos
983 2676 1116 2755 quinque
1137 2697 1227 2759 supr-p

131 2762 236 2841 viginti
256 2762 431 2837 evolvisset,
454 2763 574 2841 quando
587 2782 619 2821 ea
634 2760 813 2839 gerebantur
830 2760 863 2819 iu
881 2760 990 2839 quibus
1004 2760 1160 2825 narrandis
1175 2762 1229 2819 dc·
1294 2788 1301 2793 -

133 2849 201 2907 sinit
217 2846 291 2907 haec
312 2845 435 2906 hietoria
457 2846 665 2927 Pachymeria,
685 2844 943 2923 quadragesimum
967 2863 1083 2903 nouum
1103 2844 1228 2903 Andro-

134 2932 215 2993 nicus
235 2932 318 2991 vitae
340 2950 453 2992 anuum
474 2950 570 3015 prope
590 2929 776 3006 wolverat,
800 2928 1079 3011 quinquagesimum
1088 2929 1228 3012 proxime

133 3016 335 3079 inchoaturus.
969 3009 977 3025 ⁸

215 3144 267 3209 lv.
309 3143 407 3223 Atque
426 3144 479 3205 hic
501 3142 673 3204 declarandi
687 3143 779 3203 locus
786 3150 832 3201 eat
845 3141 929 3221 quod
940 3140 1038 3202 obiter
1052 3139 1119 3201 diri
1132 3160 1228 3221 prae-

138 3231 245 3291 latione
267 3230 305 3291 ad
328 3230 499 3291 universum
520 3226 579 3287 hoc
603 3248 696 3311 opus,
726 3246 803 3307 quae
823 3227 858 3287 in
876 3228 976 3288 fronte
996 3226 1092 3307 partis
1117 3224 1229 3305 prioris

138 3316 289 3399 proposita
304 3324 333 3375 et
348 3316 387 3377 ad
402 3314 481 3375 hanc
492 3312 686 3374 nihilominus
702 3311 886 3373 extenditur.
927 3312 1038 3392 scripsi
1051 3320 1150 3370 autem
1164 3310 1229 3369 illic

139 3422 190 3483 pur
210 3400 289 3462 hanc
308 3420 389 3459 nuuc
406 3400 604 3480 prodeuntem
628 3396 818 3477 Pachymsris
837 3397 995 3458 historiam
1012 3396 1127 3477 expleri
1144 3395 1230 3457 velut

141 3486 284 3565 quendam
305 3484 420 3547 hiatum
438 3485 575 3565 publicae
598 3484 758 3545 memoriae
779 3504 798 3541 a
816 3482 921 3544 Niceta
941 3493 972 3545 et
991 3483 1166 3562 Acropolita
1191 3480 1233 3538 ad
1363 3554 1366 3568 Ι

142 3574 382 3633 Csnmcuaeuum.
423 3570 458 3630 id
485 3568 567 3651 quod
586 3590 650 3629 nou
667 3566 830 3649 ὁλοσχερῶς
848 3568 945 3649 accipi
965 3576 1019 3627 aut
1039 3566 1168 3627 resecari
1191 3565 1232 3623 ad

142 3659 238 3718 vivum
260 3656 364 3726 volui,
386 3654 470 3733 quasi
492 3648 611 3735 cipitur
630 3662 660 3713 et
678 3654 818 3735 protinus
835 3654 974 3731 contigue
988 3652 1109 3713 initium
1124 3652 1231 3708 Cauta-

144 3741 314 3802 curenianae
340 3740 483 3803 historias
502 3740 557 3801 fini
576 3738 826 3819 Pachymarianae
852 3738 1066 3799 committatur.
1108 3733 1232 3793 inchoat

144 3830 362 3888 Cautacuzenua
391 3826 591 3889 antedonem
611 3844 696 3885 auam
718 3844 735 3883 a
753 3833 851 3885 morte
870 3823 1059 3904 imperatoris
1080 3818 1233 3879 Michaelis

143 3912 259 3975 secundi
277 3910 459 3990 Palaeologi,
482 3932 571 3991 quem
593 3920 732 3991 nepotem
750 3909 862 3991 prioris
874 3907 1026 3971 michaeus
1039 3904 1234 3965 Andronicus

145 3998 235 4059 senior
249 3994 402 4059 Michaelis
414 3997 505 4079 primi
516 3997 614 4073 filius,
636 3995 762 4056 secundi
776 4004 878 4075 pater,
900 3991 1130 4075 primogenitum
1143 4008 1234 4051 suum

146 4082 255 4163 inperii
273 4083 418 4162 collegam
434 4082 547 4143 habuit.
590 4080 672 4142 bunc
690 4083 914 4142 Cantacureuus
933 4078 1031 4158 primo
1046 4076 1146 4137 atatim
1160 4076 1233 4135 libri

146 4168 227 4248 primi
242 4168 340 4249 capite
352 4166 433 4228 diem
447 4188 535 4228 suum
547 4166 655 4227 obiisse
666 4166 892 4227 Thessalonicae
902 4162 1025 4238 scribit,
1045 4162 1145 4243 τρίτον
1158 4155 1234 4241 repis

147 4248 357 4335 τεσσαράκοντα
374 4244 484 4333 χρόνον
501 4250 613 4340 ἄγοντα
626 4256 681 4332 τῆς
694 4250 822 4333 ἡλικίας,
843 4249 929 4322 ἔτους
942 4242 1068 4311 induco
1080 4242 1157 4327 πρός
1170 4250 1236 4319 τοῖς

148 4338 234 4404 sinon
255 4335 308 4403 nal
329 4332 518 4415 ὀκτακοσίοις
536 4338 588 4403 stul
608 4336 828 4418 ἑξακισχιλίοις,
850 4328 1003 4419 δωδεκάτῃ
1022 4328 1114 4415 μηνὸς
1127 4326 1234 4392 'Oneu-
