<?xml version="1.0" encoding="UTF-8"?>
<!DOCTYPE html PUBLIC "-//W3C//DTD XHTML 1.0 Transitional//EN"
    "http://www.w3.org/TR/xhtml1/DTD/xhtml1-transitional.dtd">
<html xmlns="http://www.w3.org/1999/xhtml" xml:lang="en" lang="en">
 <head>
  <title>
</title>
<meta http-equiv="Content-Type" content="text/html;charset=utf-8" />
  <meta name='ocr-system' content='tesseract 3.04.00' />
  <meta name='ocr-capabilities' content='ocr_page ocr_carea ocr_par ocr_line ocrx_word'/>
</head>
<body>
  <div class='ocr_page' id='page_1' title='image "./corpusscriptoru69theogoog/corpusscriptoru69theogoog_0387.png"; bbox 0 0 3009 4900; ppageno 0'>
   <div class='ocr_carea' id='block_1_1' title="bbox 220 300 999 377">
    <p class='ocr_par' dir='ltr' id='par_1_1' title="bbox 220 300 999 377">
     <span class='ocr_line' id='line_1_1' title="bbox 220 300 999 377; baseline -0.01 -1"><span class='ocrx_word' id='word_1_1' title='bbox 220 304 294 377; x_wconf 75' lang='lat'>372</span> <span class='ocrx_word' id='word_1_2' title='bbox 536 302 713 373; x_wconf 82' lang='lat' dir='ltr'>GEORGH</span> <span class='ocrx_word' id='word_1_3' title='bbox 737 300 999 369; x_wconf 70' lang='lat' dir='ltr'>utcumffinls</span> 
     </span>
    </p>
   </div>
   <div class='ocr_carea' id='block_1_2' title="bbox 115 466 1365 2209">
    <p class='ocr_par' dir='ltr' id='par_1_2' title="bbox 115 466 1365 2209">
     <span class='ocr_line' id='line_1_2' title="bbox 219 466 1319 562; baseline -0.004 -19"><span class='ocrx_word' id='word_1_4' title='bbox 219 472 420 562; x_wconf 81' lang='grc' dir='ltr'><strong><em>νοιςίιργίαν,</em></strong></span> <span class='ocrx_word' id='word_1_5' title='bbox 448 472 530 540; x_wconf 78' lang='grc' dir='ltr'><strong><em>καθ’</em></strong></span> <span class='ocrx_word' id='word_1_6' title='bbox 553 470 609 551; x_wconf 74' lang='lat' dir='ltr'>oric</span> <span class='ocrx_word' id='word_1_7' title='bbox 625 475 677 541; x_wconf 78' lang='grc' dir='ltr'>καί</span> <span class='ocrx_word' id='word_1_8' title='bbox 700 472 973 551; x_wconf 73' lang='grc' dir='ltr'><strong><em>δίλοςκακοκικῶς</em></strong></span> <span class='ocrx_word' id='word_1_9' title='bbox 993 466 1207 548; x_wconf 79' lang='grc' dir='ltr'><strong><em>καταστδςῶς</em></strong></span> <span class='ocrx_word' id='word_1_10' title='bbox 1222 470 1319 539; x_wconf 81' lang='grc' dir='ltr'><strong><em>αιἰτοῦ</em></strong></span> 
     </span>
     <span class='ocr_line' id='line_1_3' title="bbox 182 570 1323 667; baseline -0.003 -23"><span class='ocrx_word' id='word_1_11' title='bbox 182 592 204 644; x_wconf 83' lang='grc' dir='ltr'><strong>Β</strong></span> <span class='ocrx_word' id='word_1_12' title='bbox 221 605 253 667; x_wconf 76' lang='grc' dir='ltr'>γε</span> <span class='ocrx_word' id='word_1_13' title='bbox 273 576 543 665; x_wconf 71' lang='grc' dir='ltr'><strong><em>παραιτησαμένου</em></strong></span> <span class='ocrx_word' id='word_1_14' title='bbox 565 577 607 643; x_wconf 79' lang='lat' dir='ltr'>sci</span> <span class='ocrx_word' id='word_1_15' title='bbox 626 584 681 660; x_wconf 78' lang='grc' dir='ltr'><strong><em>τῆς</em></strong></span> <span class='ocrx_word' id='word_1_16' title='bbox 704 578 864 661; x_wconf 71' lang='grc' dir='ltr'><strong><em>ἐκκλησίας</em></strong></span> <span class='ocrx_word' id='word_1_17' title='bbox 884 578 1038 655; x_wconf 81' lang='grc' dir='ltr'><strong><em>διίθυνεκ,</em></strong></span> <span class='ocrx_word' id='word_1_18' title='bbox 1066 570 1102 641; x_wconf 83' lang='grc' dir='ltr'>δν</span> <span class='ocrx_word' id='word_1_19' title='bbox 1116 573 1190 641; x_wconf 67' lang='lat' dir='ltr'>ouidi</span> <span class='ocrx_word' id='word_1_20' title='bbox 1201 576 1323 643; x_wconf 87' lang='grc' dir='ltr'><strong><em>δίκαιον</em></strong></span> 
     </span>
     <span class='ocr_line' id='line_1_4' title="bbox 221 674 1322 765; baseline -0.004 -16"><span class='ocrx_word' id='word_1_21' title='bbox 221 680 296 749; x_wconf 83' lang='grc' dir='ltr'><strong><em>είναι</em></strong></span> <span class='ocrx_word' id='word_1_22' title='bbox 309 682 341 748; x_wconf 78' lang='grc' dir='ltr'>ἐν</span> <span class='ocrx_word' id='word_1_23' title='bbox 356 691 422 757; x_wconf 79' lang='grc' dir='ltr'><strong><em>τοῖς</em></strong></span> <span class='ocrx_word' id='word_1_24' title='bbox 435 686 608 761; x_wconf 70' lang='grc' dir='ltr'><em>μισθωτοῖς</em></span> <span class='ocrx_word' id='word_1_25' title='bbox 630 674 905 765; x_wconf 76' lang='grc' dir='ltr'><strong><em>τιαρεηγροίφεσθαι</em></strong></span> <span class='ocrx_word' id='word_1_26' title='bbox 924 680 975 743; x_wconf 85' lang='grc' dir='ltr'>καί</span> <span class='ocrx_word' id='word_1_27' title='bbox 991 674 1034 753; x_wconf 81' lang='grc' dir='ltr'><strong><em>ὥς</em></strong></span> <span class='ocrx_word' id='word_1_28' title='bbox 1048 676 1093 759; x_wconf 73' lang='grc' dir='ltr'>μη</span> <span class='ocrx_word' id='word_1_29' title='bbox 1112 674 1237 762; x_wconf 77' lang='grc' dir='ltr'><strong><em>γνήσιον</em></strong></span> <span class='ocrx_word' id='word_1_30' title='bbox 1247 678 1322 759; x_wconf 73' lang='lat' dir='ltr'>sidr-</span> 
     </span>
     <span class='ocr_line' id='line_1_5' title="bbox 222 779 1323 867; baseline -0.005 -16"><span class='ocrx_word' id='word_1_31' title='bbox 222 788 374 866; x_wconf 78' lang='grc' dir='ltr'><strong><em>λίζεσθαι,</em></strong></span> <span class='ocrx_word' id='word_1_32' title='bbox 398 784 447 847; x_wconf 72' lang='lat' dir='ltr'>tut</span> <span class='ocrx_word' id='word_1_33' title='bbox 460 779 622 859; x_wconf 70' lang='grc' dir='ltr'><strong><em>τοσούτοις</em></strong></span> <span class='ocrx_word' id='word_1_34' title='bbox 635 781 714 849; x_wconf 65' lang='grc' dir='ltr'><strong><em>ἔτεσι</em></strong></span> <span class='ocrx_word' id='word_1_35' title='bbox 726 783 784 867; x_wconf 76' lang='grc' dir='ltr'>την</span> <span class='ocrx_word' id='word_1_36' title='bbox 802 780 965 865; x_wconf 66' lang='grc' dir='ltr'><strong><em>ἐκκλησίαν</em></strong></span> <span class='ocrx_word' id='word_1_37' title='bbox 979 781 1148 863; x_wconf 85' lang='grc' dir='ltr'><strong><em>κατίχαντα</em></strong></span> <span class='ocrx_word' id='word_1_38' title='bbox 1160 782 1213 847; x_wconf 87' lang='grc' dir='ltr'>καί</span> <span class='ocrx_word' id='word_1_39' title='bbox 1224 806 1258 866; x_wconf 82' lang='lat' dir='ltr'>ys</span> <span class='ocrx_word' id='word_1_40' title='bbox 1269 784 1323 846; x_wconf 81' lang='grc' dir='ltr'>καί</span> 
     </span>
     <span class='ocr_line' id='line_1_6' title="bbox 220 880 1347 971; baseline -0.005 -17"><span class='ocrx_word' id='word_1_41' title='bbox 220 890 366 963; x_wconf 77' lang='grc' dir='ltr'><strong><em>πλείστας</em></strong></span> <span class='ocrx_word' id='word_1_42' title='bbox 382 888 571 971; x_wconf 72' lang='grc' dir='ltr'><strong><em>χειροτονίας</em></strong></span> <span class='ocrx_word' id='word_1_43' title='bbox 594 887 778 951; x_wconf 71' lang='lat' dir='ltr'>retinuero·</span> <span class='ocrx_word' id='word_1_44' title='bbox 805 887 892 950; x_wconf 79' lang='grc' dir='ltr'><strong><em>δυοῖν</em></strong></span> <span class='ocrx_word' id='word_1_45' title='bbox 903 883 963 969; x_wconf 76' lang='grc' dir='ltr'>γὰρ</span> <span class='ocrx_word' id='word_1_46' title='bbox 981 880 1117 969; x_wconf 80' lang='grc' dir='ltr'><strong><em>θάτερον</em></strong></span> <span class='ocrx_word' id='word_1_47' title='bbox 1132 884 1347 966; x_wconf 58' lang='lat' dir='ltr'>§nudabam</span> 
     </span>
     <span class='ocr_line' id='line_1_7' title="bbox 221 982 1322 1075; baseline -0.004 -18"><span class='ocrx_word' id='word_1_48' title='bbox 221 990 241 1075; x_wconf 76' lang='grc' dir='ltr'>ἢ</span> <span class='ocrx_word' id='word_1_49' title='bbox 265 989 361 1057; x_wconf 72' lang='grc' dir='ltr'><strong><em>αὐτὸν</em></strong></span> <span class='ocrx_word' id='word_1_50' title='bbox 380 990 436 1071; x_wconf 82' lang='grc' dir='ltr'>μίν</span> <span class='ocrx_word' id='word_1_51' title='bbox 457 992 657 1055; x_wconf 76' lang='grc' dir='ltr'><strong><em>δικαιοῦσθαι</em></strong></span> <span class='ocrx_word' id='word_1_52' title='bbox 680 986 817 1055; x_wconf 79' lang='grc' dir='ltr'><strong><em>κάκεῖνον</em></strong></span> <span class='ocrx_word' id='word_1_53' title='bbox 838 988 871 1053; x_wconf 72' lang='lat' dir='ltr'>is</span> <span class='ocrx_word' id='word_1_54' title='bbox 892 996 959 1062; x_wconf 78' lang='grc' dir='ltr'><strong><em>τοῖς</em></strong></span> <span class='ocrx_word' id='word_1_55' title='bbox 977 982 1087 1061; x_wconf 81' lang='grc' dir='ltr'><strong><em>νόθας</em></strong></span> <span class='ocrx_word' id='word_1_56' title='bbox 1101 982 1177 1051; x_wconf 79' lang='grc' dir='ltr'><strong><em>εἶναι</em></strong></span> <span class='ocrx_word' id='word_1_57' title='bbox 1187 1034 1198 1066; x_wconf 94' lang='grc'><strong><em>,</em></strong></span> <span class='ocrx_word' id='word_1_58' title='bbox 1222 985 1322 1069; x_wconf 74' lang='grc' dir='ltr'><strong><em>ἢμην</em></strong></span> 
     </span>
     <span class='ocr_line' id='line_1_8' title="bbox 222 1088 1323 1173; baseline -0.002 -14"><span class='ocrx_word' id='word_1_59' title='bbox 222 1098 390 1169; x_wconf 83' lang='grc' dir='ltr'><strong><em>κανανικῶς</em></strong></span> <span class='ocrx_word' id='word_1_60' title='bbox 404 1088 616 1168; x_wconf 75' lang='grc' dir='ltr'><strong><em>καταστάντος</em></strong></span> <span class='ocrx_word' id='word_1_61' title='bbox 637 1093 750 1158; x_wconf 73' lang='grc' dir='ltr'><strong><em>ἐκείνου</em></strong></span> <span class='ocrx_word' id='word_1_62' title='bbox 772 1093 823 1155; x_wconf 76' lang='grc' dir='ltr'>καί</span> <span class='ocrx_word' id='word_1_63' title='bbox 837 1095 1004 1165; x_wconf 79' lang='grc' dir='ltr'><strong><em>κανυνικῶς</em></strong></span> <span class='ocrx_word' id='word_1_64' title='bbox 1017 1091 1213 1173; x_wconf 71' lang='grc' dir='ltr'><strong><em>ἐνεργοῦντος</em></strong></span> <span class='ocrx_word' id='word_1_65' title='bbox 1227 1089 1323 1157; x_wconf 73' lang='grc' dir='ltr'><strong><em>αὐτὸν</em></strong></span> 
     </span>
     <span class='ocr_line' id='line_1_9' title="bbox 221 1190 1324 1284; baseline -0.006 -21"><span class='ocrx_word' id='word_1_66' title='bbox 221 1198 253 1264; x_wconf 74' lang='grc' dir='ltr'>δν</span> <span class='ocrx_word' id='word_1_67' title='bbox 269 1198 379 1284; x_wconf 75' lang='grc' dir='ltr'><strong><em>ἱερεῦσι</em></strong></span> <span class='ocrx_word' id='word_1_68' title='bbox 395 1196 446 1261; x_wconf 81' lang='grc' dir='ltr'>καί</span> <span class='ocrx_word' id='word_1_69' title='bbox 462 1192 667 1280; x_wconf 80' lang='grc' dir='ltr'><strong><em>πατριδρχαις</em></strong></span> <span class='ocrx_word' id='word_1_70' title='bbox 680 1197 760 1279; x_wconf 78' lang='grc' dir='ltr'><strong><em>μηδὲ</em></strong></span> <span class='ocrx_word' id='word_1_71' title='bbox 777 1194 814 1259; x_wconf 83' lang='grc' dir='ltr'>εδ</span> <span class='ocrx_word' id='word_1_72' title='bbox 828 1190 977 1275; x_wconf 78' lang='grc' dir='ltr'><strong><em>παράπαν</em></strong></span> <span class='ocrx_word' id='word_1_73' title='bbox 992 1195 1178 1276; x_wconf 80' lang='grc' dir='ltr'><strong><em>λογίζεσθαι.</em></strong></span> <span class='ocrx_word' id='word_1_74' title='bbox 1229 1194 1324 1284; x_wconf 73' lang='grc' dir='ltr'><strong><em>ἔρρη-</em></strong></span> 
     </span>
     <span class='ocr_line' id='line_1_10' title="bbox 221 1290 1325 1385; baseline -0.005 -19"><span class='ocrx_word' id='word_1_75' title='bbox 221 1296 441 1385; x_wconf 75' lang='grc' dir='ltr'><strong><em>διουρηημίνην</em></strong></span> <span class='ocrx_word' id='word_1_76' title='bbox 461 1298 495 1363; x_wconf 77' lang='grc' dir='ltr'>δὲ</span> <span class='ocrx_word' id='word_1_77' title='bbox 517 1300 567 1362; x_wconf 79' lang='grc' dir='ltr'>καί</span> <span class='ocrx_word' id='word_1_78' title='bbox 586 1297 643 1381; x_wconf 77' lang='grc' dir='ltr'>τὴν</span> <span class='ocrx_word' id='word_1_79' title='bbox 662 1294 740 1384; x_wconf 69' lang='grc' dir='ltr'>ὑπὲρ</span> <span class='ocrx_word' id='word_1_80' title='bbox 765 1303 828 1363; x_wconf 81' lang='grc' dir='ltr'>τῶν</span> <span class='ocrx_word' id='word_1_81' title='bbox 842 1295 1050 1378; x_wconf 69' lang='grc' dir='ltr'>ἀδικουμένων</span> <span class='ocrx_word' id='word_1_82' title='bbox 1072 1294 1198 1372; x_wconf 85' lang='grc' dir='ltr'><strong><em>οἰξίωοιν</em></strong></span> <span class='ocrx_word' id='word_1_83' title='bbox 1211 1290 1325 1361; x_wconf 76' lang='grc' dir='ltr'><strong><em>δαιτό-</em></strong></span> 
     </span>
     <span class='ocr_line' id='line_1_11' title="bbox 184 1394 1365 1485; baseline -0.004 -16"><span class='ocrx_word' id='word_1_84' title='bbox 184 1414 210 1468; x_wconf 79' lang='lat'><strong>0</strong></span> <span class='ocrx_word' id='word_1_85' title='bbox 227 1406 322 1483; x_wconf 85' lang='grc' dir='ltr'><strong><em>παζον</em></strong></span> <span class='ocrx_word' id='word_1_86' title='bbox 331 1450 341 1483; x_wconf 87' lang='grc'><strong><em>,</em></strong></span> <span class='ocrx_word' id='word_1_87' title='bbox 368 1398 411 1477; x_wconf 83' lang='grc' dir='ltr'><strong><em>ὡς</em></strong></span> <span class='ocrx_word' id='word_1_88' title='bbox 428 1398 530 1466; x_wconf 78' lang='grc' dir='ltr'><strong><em>αὐτίκ’</em></strong></span> <span class='ocrx_word' id='word_1_89' title='bbox 549 1397 587 1466; x_wconf 77' lang='grc' dir='ltr'>ἂν</span> <span class='ocrx_word' id='word_1_90' title='bbox 603 1403 654 1465; x_wconf 77' lang='grc' dir='ltr'>καί</span> <span class='ocrx_word' id='word_1_91' title='bbox 669 1400 742 1477; x_wconf 84' lang='grc' dir='ltr'><strong><em>τοδς</em></strong></span> <span class='ocrx_word' id='word_1_92' title='bbox 761 1399 984 1485; x_wconf 85' lang='grc' dir='ltr'><strong><em>συντρίχοντας</em></strong></span> <span class='ocrx_word' id='word_1_93' title='bbox 1004 1396 1138 1473; x_wconf 70' lang='grc' dir='ltr'><strong><em>πολλοὺς</em></strong></span> <span class='ocrx_word' id='word_1_94' title='bbox 1152 1394 1228 1463; x_wconf 79' lang='grc' dir='ltr'><strong><em>εἶναι</em></strong></span> <span class='ocrx_word' id='word_1_95' title='bbox 1242 1405 1365 1483; x_wconf 63' lang='lat' dir='ltr'>dorp-10</span> 
     </span>
     <span class='ocr_line' id='line_1_12' title="bbox 221 1500 1324 1587; baseline -0.007 -12"><span class='ocrx_word' id='word_1_96' title='bbox 221 1508 311 1583; x_wconf 84' lang='grc' dir='ltr'><strong><em>θείας</em></strong></span> <span class='ocrx_word' id='word_1_97' title='bbox 324 1504 410 1571; x_wconf 67' lang='grc' dir='ltr'><strong><em>ἓνεκα</em></strong></span> <span class='ocrx_word' id='word_1_98' title='bbox 424 1509 481 1587; x_wconf 84' lang='grc' dir='ltr'><strong><em>τῆς</em></strong></span> <span class='ocrx_word' id='word_1_99' title='bbox 493 1502 570 1587; x_wconf 84' lang='grc' dir='ltr'><strong><em>τιρδς</em></strong></span> <span class='ocrx_word' id='word_1_100' title='bbox 589 1502 643 1569; x_wconf 83' lang='grc' dir='ltr'>τὸν</span> <span class='ocrx_word' id='word_1_101' title='bbox 656 1510 842 1587; x_wconf 77' lang='grc' dir='ltr'><strong><em>κρατοῦντα,</em></strong></span> <span class='ocrx_word' id='word_1_102' title='bbox 868 1504 919 1567; x_wconf 83' lang='grc' dir='ltr'>καί</span> <span class='ocrx_word' id='word_1_103' title='bbox 929 1500 987 1586; x_wconf 79' lang='grc' dir='ltr'>τὴν</span> <span class='ocrx_word' id='word_1_104' title='bbox 1002 1507 1058 1583; x_wconf 80' lang='grc' dir='ltr'><strong><em>τῆς</em></strong></span> <span class='ocrx_word' id='word_1_105' title='bbox 1071 1502 1262 1586; x_wconf 71' lang='grc' dir='ltr'><strong><em>προστασίας</em></strong></span> <span class='ocrx_word' id='word_1_106' title='bbox 1274 1527 1324 1567; x_wconf 81' lang='grc' dir='ltr'><strong><em>τι·</em></strong></span> 
     </span>
     <span class='ocr_line' id='line_1_13' title="bbox 221 1602 1321 1693; baseline -0.003 -19"><span class='ocrx_word' id='word_1_107' title='bbox 221 1608 283 1693; x_wconf 80' lang='grc' dir='ltr'>μὴν</span> <span class='ocrx_word' id='word_1_108' title='bbox 309 1606 496 1693; x_wconf 68' lang='grc' dir='ltr'><strong><em>ἐρριζῶσθαι</em></strong></span> <span class='ocrx_word' id='word_1_109' title='bbox 520 1608 552 1684; x_wconf 76' lang='grc' dir='ltr'>ἐξ</span> <span class='ocrx_word' id='word_1_110' title='bbox 565 1604 732 1693; x_wconf 75' lang='grc' dir='ltr'><strong><em>ἀναγκαίου</em></strong></span> <span class='ocrx_word' id='word_1_111' title='bbox 753 1607 952 1687; x_wconf 76' lang='grc' dir='ltr'><strong><em>συμβαίνειν,</em></strong></span> <span class='ocrx_word' id='word_1_112' title='bbox 974 1602 1032 1669; x_wconf 72' lang='grc' dir='ltr'>κᾶν</span> <span class='ocrx_word' id='word_1_113' title='bbox 1044 1603 1087 1687; x_wconf 74' lang='grc' dir='ltr'>μὴ</span> <span class='ocrx_word' id='word_1_114' title='bbox 1102 1604 1192 1688; x_wconf 82' lang='grc' dir='ltr'><strong><em>σφίσι</em></strong></span> <span class='ocrx_word' id='word_1_115' title='bbox 1205 1605 1321 1689; x_wconf 81' lang='grc' dir='ltr'>δοκοίη.</span> 
     </span>
     <span class='ocr_line' id='line_1_14' title="bbox 220 1703 1323 1799; baseline -0.005 -21"><span class='ocrx_word' id='word_1_116' title='bbox 220 1714 292 1799; x_wconf 77' lang='grc' dir='ltr'><strong><em>διχῇ</em></strong></span> <span class='ocrx_word' id='word_1_117' title='bbox 309 1703 364 1777; x_wconf 73' lang='grc' dir='ltr'>οὖν</span> <span class='ocrx_word' id='word_1_118' title='bbox 384 1709 607 1795; x_wconf 72' lang='grc' dir='ltr'><strong><em>διαιρουμένων</em></strong></span> <span class='ocrx_word' id='word_1_119' title='bbox 627 1716 691 1775; x_wconf 86' lang='grc' dir='ltr'>τῶν</span> <span class='ocrx_word' id='word_1_120' title='bbox 715 1708 895 1795; x_wconf 79' lang='grc' dir='ltr'><strong><em>ἀρχιτρίων,</em></strong></span> <span class='ocrx_word' id='word_1_121' title='bbox 932 1708 984 1772; x_wconf 78' lang='grc' dir='ltr'>καὶ</span> <span class='ocrx_word' id='word_1_122' title='bbox 1004 1712 1067 1773; x_wconf 79' lang='grc' dir='ltr'>τῶν</span> <span class='ocrx_word' id='word_1_123' title='bbox 1085 1705 1254 1790; x_wconf 77' lang='grc' dir='ltr'><strong><em>ἦδικῆσθαι</em></strong></span> <span class='ocrx_word' id='word_1_124' title='bbox 1269 1708 1323 1773; x_wconf 79' lang='grc' dir='ltr'>καί</span> 
     </span>
     <span class='ocr_line' id='line_1_15' title="bbox 221 1800 1322 1897; baseline -0.007 -15"><span class='ocrx_word' id='word_1_125' title='bbox 221 1812 292 1882; x_wconf 76' lang='grc' dir='ltr'><strong><em>τότε</em></strong></span> <span class='ocrx_word' id='word_1_126' title='bbox 305 1820 369 1880; x_wconf 79' lang='grc' dir='ltr'>τῶν</span> <span class='ocrx_word' id='word_1_127' title='bbox 384 1813 466 1897; x_wconf 78' lang='grc' dir='ltr'><strong><em>ἳερία</em></strong></span> <span class='ocrx_word' id='word_1_128' title='bbox 482 1808 647 1893; x_wconf 84' lang='grc' dir='ltr'><strong><em>κρινόντων</em></strong></span> <span class='ocrx_word' id='word_1_129' title='bbox 665 1814 716 1877; x_wconf 85' lang='grc' dir='ltr'>καί</span> <span class='ocrx_word' id='word_1_130' title='bbox 733 1806 828 1886; x_wconf 73' lang='grc' dir='ltr'><strong><em>αὖθις</em></strong></span> <span class='ocrx_word' id='word_1_131' title='bbox 850 1807 1050 1877; x_wconf 74' lang='grc' dir='ltr'><strong><em>δικαιούντων</em></strong></span> <span class='ocrx_word' id='word_1_132' title='bbox 1064 1807 1251 1893; x_wconf 83' lang='grc' dir='ltr'><strong><em>αἰνιίηεσθαι,</em></strong></span> <span class='ocrx_word' id='word_1_133' title='bbox 1277 1800 1322 1880; x_wconf 80' lang='grc' dir='ltr'>ὧν</span> 
     </span>
     <span class='ocr_line' id='line_1_16' title="bbox 222 1905 1363 2002; baseline -0.007 -17"><span class='ocrx_word' id='word_1_134' title='bbox 222 1919 300 1994; x_wconf 72' lang='grc' dir='ltr'><strong><em>τινὲς</em></strong></span> <span class='ocrx_word' id='word_1_135' title='bbox 315 1916 342 1982; x_wconf 81' lang='grc' dir='ltr'>εί</span> <span class='ocrx_word' id='word_1_136' title='bbox 357 1918 408 1983; x_wconf 85' lang='grc' dir='ltr'>καί</span> <span class='ocrx_word' id='word_1_137' title='bbox 420 1921 476 1998; x_wconf 80' lang='grc' dir='ltr'><strong><em>τῆς</em></strong></span> <span class='ocrx_word' id='word_1_138' title='bbox 491 1916 605 1980; x_wconf 78' lang='grc' dir='ltr'><strong><em>ἐκείνου</em></strong></span> <span class='ocrx_word' id='word_1_139' title='bbox 619 1916 809 2002; x_wconf 85' lang='grc' dir='ltr'><strong><em>χειροτονίας</em></strong></span> <span class='ocrx_word' id='word_1_140' title='bbox 825 1906 924 1998; x_wconf 77' lang='grc' dir='ltr'><strong><em>ἦσαν,</em></strong></span> <span class='ocrx_word' id='word_1_141' title='bbox 950 1911 1024 1978; x_wconf 78' lang='grc' dir='ltr'>ἀλλ’</span> <span class='ocrx_word' id='word_1_142' title='bbox 1042 1905 1098 1979; x_wconf 74' lang='grc' dir='ltr'>οὖν</span> <span class='ocrx_word' id='word_1_143' title='bbox 1113 1909 1255 1996; x_wconf 80' lang='grc' dir='ltr'><strong><em>δνιασχεῖν</em></strong></span> <span class='ocrx_word' id='word_1_144' title='bbox 1267 1911 1363 1984; x_wconf 79' lang='lat' dir='ltr'>eri-15</span> 
     </span>
     <span class='ocr_line' id='line_1_17' title="bbox 115 2014 1323 2100; baseline -0.007 -9"><span class='ocrx_word' id='word_1_145' title='bbox 115 2038 137 2091; x_wconf 87' lang='lat' dir='ltr'>P</span> <span class='ocrx_word' id='word_1_146' title='bbox 155 2034 206 2090; x_wconf 80' lang='lat'>259</span> <span class='ocrx_word' id='word_1_147' title='bbox 224 2018 341 2099; x_wconf 73' lang='grc' dir='ltr'><strong><em>θείνας,</em></strong></span> <span class='ocrx_word' id='word_1_148' title='bbox 368 2020 395 2084; x_wconf 76' lang='grc' dir='ltr'>εἰ</span> <span class='ocrx_word' id='word_1_149' title='bbox 409 2017 544 2094; x_wconf 77' lang='grc' dir='ltr'><strong><em>κάκεῖνος</em></strong></span> <span class='ocrx_word' id='word_1_150' title='bbox 561 2019 660 2097; x_wconf 81' lang='grc' dir='ltr'><strong><em>θίλοι,</em></strong></span> <span class='ocrx_word' id='word_1_151' title='bbox 687 2016 817 2094; x_wconf 78' lang='grc' dir='ltr'><strong><em>ἓαυτοδς</em></strong></span> <span class='ocrx_word' id='word_1_152' title='bbox 832 2018 994 2095; x_wconf 72' lang='grc' dir='ltr'><strong><em>ἐδικαίουν,</em></strong></span> <span class='ocrx_word' id='word_1_153' title='bbox 1019 2021 1084 2082; x_wconf 79' lang='grc' dir='ltr'>τῶν</span> <span class='ocrx_word' id='word_1_154' title='bbox 1101 2018 1135 2081; x_wconf 76' lang='grc' dir='ltr'>δὲ</span> <span class='ocrx_word' id='word_1_155' title='bbox 1149 2016 1228 2100; x_wconf 80' lang='grc' dir='ltr'><strong><em>μηδ’</em></strong></span> <span class='ocrx_word' id='word_1_156' title='bbox 1243 2014 1323 2093; x_wconf 74' lang='grc' dir='ltr'><strong><em>ὅλως</em></strong></span> 
     </span>
     <span class='ocr_line' id='line_1_18' title="bbox 222 2115 1323 2209; baseline -0.006 -18"><span class='ocrx_word' id='word_1_157' title='bbox 222 2120 412 2209; x_wconf 80' lang='grc' dir='ltr'><strong><em>ἀνεχομίνων</em></strong></span> <span class='ocrx_word' id='word_1_158' title='bbox 442 2120 591 2205; x_wconf 70' lang='grc' dir='ltr'><strong><em>δέχεσθαι</em></strong></span> <span class='ocrx_word' id='word_1_159' title='bbox 619 2119 686 2205; x_wconf 78' lang='grc' dir='ltr'>ἅμα</span> <span class='ocrx_word' id='word_1_160' title='bbox 712 2122 770 2204; x_wconf 81' lang='grc' dir='ltr'>μίν</span> <span class='ocrx_word' id='word_1_161' title='bbox 795 2115 1066 2208; x_wconf 71' lang='grc' dir='ltr'><strong><em>παραιτησάμενον</em></strong></span> <span class='ocrx_word' id='word_1_162' title='bbox 1071 2167 1083 2200; x_wconf 93' lang='grc'><strong><em>,</em></strong></span> <span class='ocrx_word' id='word_1_163' title='bbox 1118 2117 1185 2203; x_wconf 80' lang='grc' dir='ltr'>ἅμα</span> <span class='ocrx_word' id='word_1_164' title='bbox 1210 2120 1244 2185; x_wconf 74' lang='grc' dir='ltr'>δὲ</span> <span class='ocrx_word' id='word_1_165' title='bbox 1272 2122 1323 2185; x_wconf 80' lang='grc' dir='ltr'>καί</span> 
     </span>
    </p>
   </div>
   <div class='ocr_carea' id='block_1_3' title="bbox 289 2284 499 2357">
    <p class='ocr_par' dir='ltr' id='par_1_3' title="bbox 289 2284 499 2357">
     <span class='ocr_line' id='line_1_19' title="bbox 289 2284 499 2357; baseline -0.01 -16"><span class='ocrx_word' id='word_1_166' title='bbox 289 2288 316 2341; x_wconf 83' lang='lat'>5.</span> <span class='ocrx_word' id='word_1_167' title='bbox 331 2284 385 2357; x_wconf 79' lang='lat' dir='ltr'>peip</span> <span class='ocrx_word' id='word_1_168' title='bbox 401 2286 499 2340; x_wconf 84' lang='lat' dir='ltr'>deerat.</span> 
     </span>
    </p>
   </div>
   <div class='ocr_carea' id='block_1_4' title="bbox 218 2436 1329 4367">
    <p class='ocr_par' dir='ltr' id='par_1_4' title="bbox 218 2436 1329 4367">
     <span class='ocr_line' id='line_1_20' title="bbox 220 2436 1324 2512; baseline -0.002 -19"><span class='ocrx_word' id='word_1_169' title='bbox 220 2441 271 2506; x_wconf 82' lang='lat' dir='ltr'>tis,</span> <span class='ocrx_word' id='word_1_170' title='bbox 295 2455 347 2510; x_wconf 92' lang='lat' dir='ltr'>qua</span> <span class='ocrx_word' id='word_1_171' title='bbox 369 2454 399 2491; x_wconf 88' lang='lat' dir='ltr'>sa</span> <span class='ocrx_word' id='word_1_172' title='bbox 420 2436 519 2492; x_wconf 88' lang='lat' dir='ltr'>omnino</span> <span class='ocrx_word' id='word_1_173' title='bbox 536 2453 626 2491; x_wconf 88' lang='lat' dir='ltr'>carere</span> <span class='ocrx_word' id='word_1_174' title='bbox 642 2436 680 2492; x_wconf 88' lang='lat' dir='ltr'>sic</span> <span class='ocrx_word' id='word_1_175' title='bbox 696 2439 828 2507; x_wconf 80' lang='lat' dir='ltr'>proteram</span> <span class='ocrx_word' id='word_1_176' title='bbox 844 2444 928 2504; x_wconf 86' lang='lat' dir='ltr'>esset,</span> <span class='ocrx_word' id='word_1_177' title='bbox 953 2439 1074 2512; x_wconf 71' lang='lat' dir='ltr'>alboque</span> <span class='ocrx_word' id='word_1_178' title='bbox 1090 2455 1231 2510; x_wconf 71' lang='lat' dir='ltr'>agnoscere</span> <span class='ocrx_word' id='word_1_179' title='bbox 1247 2437 1324 2492; x_wconf 82' lang='lat' dir='ltr'>atium</span> 
     </span>
     <span class='ocr_line' id='line_1_21' title="bbox 221 2507 1324 2579; baseline -0.005 -16"><span class='ocrx_word' id='word_1_180' title='bbox 221 2509 273 2564; x_wconf 85' lang='lat' dir='ltr'>sibi</span> <span class='ocrx_word' id='word_1_181' title='bbox 294 2509 345 2560; x_wconf 87' lang='lat' dir='ltr'>rito</span> <span class='ocrx_word' id='word_1_182' title='bbox 366 2507 483 2576; x_wconf 87' lang='lat' dir='ltr'>deposito</span> <span class='ocrx_word' id='word_1_183' title='bbox 501 2507 622 2560; x_wconf 87' lang='lat' dir='ltr'>canonice</span> <span class='ocrx_word' id='word_1_184' title='bbox 647 2509 797 2572; x_wconf 77' lang='lat' dir='ltr'>suffectura,</span> <span class='ocrx_word' id='word_1_185' title='bbox 820 2511 865 2578; x_wconf 90' lang='lat' dir='ltr'>qui</span> <span class='ocrx_word' id='word_1_186' title='bbox 881 2516 953 2562; x_wconf 89' lang='lat' dir='ltr'>tanto</span> <span class='ocrx_word' id='word_1_187' title='bbox 969 2511 1153 2579; x_wconf 82' lang='lat' dir='ltr'>temporariae</span> <span class='ocrx_word' id='word_1_188' title='bbox 1172 2509 1224 2560; x_wconf 88' lang='lat' dir='ltr'>ulta</span> <span class='ocrx_word' id='word_1_189' title='bbox 1240 2515 1324 2560; x_wconf 89' lang='lat' dir='ltr'>status</span> 
     </span>
     <span class='ocr_line' id='line_1_22' title="bbox 221 2577 1324 2649; baseline -0.004 -16"><span class='ocrx_word' id='word_1_190' title='bbox 221 2577 412 2638; x_wconf 80' lang='lat' dir='ltr'>controversia,</span> <span class='ocrx_word' id='word_1_191' title='bbox 432 2581 477 2629; x_wconf 85' lang='lat' dir='ltr'>aut</span> <span class='ocrx_word' id='word_1_192' title='bbox 494 2578 641 2645; x_wconf 86' lang='lat' dir='ltr'>cuiusquam</span> <span class='ocrx_word' id='word_1_193' title='bbox 658 2577 736 2629; x_wconf 92' lang='lat' dir='ltr'>dubio</span> <span class='ocrx_word' id='word_1_194' title='bbox 753 2577 815 2646; x_wconf 88' lang='lat' dir='ltr'>quin</span> <span class='ocrx_word' id='word_1_195' title='bbox 832 2595 908 2631; x_wconf 87' lang='lat' dir='ltr'>rerus</span> <span class='ocrx_word' id='word_1_196' title='bbox 924 2587 1014 2649; x_wconf 87' lang='lat' dir='ltr'>pastor</span> <span class='ocrx_word' id='word_1_197' title='bbox 1029 2587 1113 2640; x_wconf 72' lang='lat' dir='ltr'>unet,</span> <span class='ocrx_word' id='word_1_198' title='bbox 1128 2578 1260 2629; x_wconf 84' lang='lat' dir='ltr'>ecetesiam</span> <span class='ocrx_word' id='word_1_199' title='bbox 1274 2591 1324 2643; x_wconf 72' lang='lat' dir='ltr'>gu·</span> 
     </span>
     <span class='ocr_line' id='line_1_23' title="bbox 221 2645 1323 2716; baseline -0.005 -15"><span class='ocrx_word' id='word_1_200' title='bbox 221 2649 372 2710; x_wconf 77' lang='lat' dir='ltr'>beruassat3</span> <span class='ocrx_word' id='word_1_201' title='bbox 396 2661 471 2714; x_wconf 87' lang='lat' dir='ltr'>quem</span> <span class='ocrx_word' id='word_1_202' title='bbox 488 2647 603 2715; x_wconf 85' lang='lat' dir='ltr'>proiecto</span> <span class='ocrx_word' id='word_1_203' title='bbox 621 2645 727 2698; x_wconf 87' lang='lat' dir='ltr'>tetiam</span> <span class='ocrx_word' id='word_1_204' title='bbox 745 2647 818 2700; x_wconf 83' lang='lat' dir='ltr'>annis</span> <span class='ocrx_word' id='word_1_205' title='bbox 833 2647 890 2700; x_wconf 85' lang='lat' dir='ltr'>reri</span> <span class='ocrx_word' id='word_1_206' title='bbox 911 2648 1022 2716; x_wconf 87' lang='lat' dir='ltr'>pastoria</span> <span class='ocrx_word' id='word_1_207' title='bbox 1038 2645 1224 2700; x_wconf 66' lang='lat' dir='ltr'>existimatione</span> <span class='ocrx_word' id='word_1_208' title='bbox 1246 2661 1323 2712; x_wconf 87' lang='lat' dir='ltr'>prae-</span> 
     </span>
     <span class='ocr_line' id='line_1_24' title="bbox 220 2715 1324 2786; baseline -0.004 -17"><span class='ocrx_word' id='word_1_209' title='bbox 220 2717 330 2786; x_wconf 89' lang='lat' dir='ltr'>positum</span> <span class='ocrx_word' id='word_1_210' title='bbox 356 2715 497 2779; x_wconf 74' lang='lat' dir='ltr'>ecoiaiae,</span> <span class='ocrx_word' id='word_1_211' title='bbox 522 2715 656 2785; x_wconf 83' lang='lat' dir='ltr'>multisque</span> <span class='ocrx_word' id='word_1_212' title='bbox 681 2715 782 2767; x_wconf 90' lang='lat' dir='ltr'>interim</span> <span class='ocrx_word' id='word_1_213' title='bbox 799 2716 1000 2769; x_wconf 72' lang='lat' dir='ltr'>ordinationibus</span> <span class='ocrx_word' id='word_1_214' title='bbox 1017 2717 1191 2785; x_wconf 74' lang='lat' dir='ltr'>perductura,</span> <span class='ocrx_word' id='word_1_215' title='bbox 1215 2719 1324 2782; x_wconf 80' lang='lat' dir='ltr'>repente</span> 
     </span>
     <span class='ocr_line' id='line_1_25' title="bbox 220 2781 1323 2853; baseline -0.005 -14"><span class='ocrx_word' id='word_1_216' title='bbox 220 2801 288 2839; x_wconf 82' lang='lat' dir='ltr'>nuno</span> <span class='ocrx_word' id='word_1_217' title='bbox 311 2785 370 2838; x_wconf 88' lang='lat' dir='ltr'>aibo</span> <span class='ocrx_word' id='word_1_218' title='bbox 393 2791 544 2853; x_wconf 79' lang='lat' dir='ltr'>expunctum</span> <span class='ocrx_word' id='word_1_219' title='bbox 569 2785 713 2852; x_wconf 86' lang='lat' dir='ltr'>praesuiurn</span> <span class='ocrx_word' id='word_1_220' title='bbox 739 2785 906 2852; x_wconf 79' lang='lat' dir='ltr'>legitimorum</span> <span class='ocrx_word' id='word_1_221' title='bbox 924 2785 1086 2838; x_wconf 82' lang='lat' dir='ltr'>mercenariis</span> <span class='ocrx_word' id='word_1_222' title='bbox 1103 2784 1263 2846; x_wconf 72' lang='lat' dir='ltr'>adscribere,</span> <span class='ocrx_word' id='word_1_223' title='bbox 1289 2781 1323 2833; x_wconf 90' lang='lat' dir='ltr'>ab</span> 
     </span>
     <span class='ocr_line' id='line_1_26' title="bbox 220 2853 1325 2924; baseline -0.005 -17"><span class='ocrx_word' id='word_1_224' title='bbox 220 2853 355 2924; x_wconf 72' lang='lat' dir='ltr'>nequitate</span> <span class='ocrx_word' id='word_1_225' title='bbox 378 2853 527 2920; x_wconf 72' lang='lat' dir='ltr'>rationeque</span> <span class='ocrx_word' id='word_1_226' title='bbox 549 2853 632 2905; x_wconf 74' lang='lat' dir='ltr'>videri</span> <span class='ocrx_word' id='word_1_227' title='bbox 653 2853 788 2922; x_wconf 83' lang='lat' dir='ltr'>plurimum</span> <span class='ocrx_word' id='word_1_228' title='bbox 812 2855 959 2907; x_wconf 86' lang='lat' dir='ltr'>abhorrens.</span> <span class='ocrx_word' id='word_1_229' title='bbox 994 2854 1100 2907; x_wconf 88' lang='lat' dir='ltr'>duorum</span> <span class='ocrx_word' id='word_1_230' title='bbox 1120 2853 1200 2921; x_wconf 76' lang='lat' dir='ltr'>igitur</span> <span class='ocrx_word' id='word_1_231' title='bbox 1215 2855 1325 2905; x_wconf 77' lang='lat' dir='ltr'>atterum</span> 
     </span>
     <span class='ocr_line' id='line_1_27' title="bbox 220 2920 1327 2992; baseline -0.003 -17"><span class='ocrx_word' id='word_1_232' title='bbox 220 2923 325 2976; x_wconf 86' lang='lat' dir='ltr'>aiebant</span> <span class='ocrx_word' id='word_1_233' title='bbox 340 2923 366 2973; x_wconf 89' lang='lat' dir='ltr'>in</span> <span class='ocrx_word' id='word_1_234' title='bbox 384 2923 499 2974; x_wconf 83' lang='lat' dir='ltr'>ooniesao</span> <span class='ocrx_word' id='word_1_235' title='bbox 517 2921 605 2974; x_wconf 88' lang='lat' dir='ltr'>haberi</span> <span class='ocrx_word' id='word_1_236' title='bbox 623 2939 680 2974; x_wconf 85' lang='lat' dir='ltr'>esse</span> <span class='ocrx_word' id='word_1_237' title='bbox 697 2939 811 2986; x_wconf 86' lang='lat' dir='ltr'>neeesse,</span> <span class='ocrx_word' id='word_1_238' title='bbox 828 2929 874 2974; x_wconf 91' lang='lat' dir='ltr'>aut</span> <span class='ocrx_word' id='word_1_239' title='bbox 887 2923 929 2976; x_wconf 89' lang='lat' dir='ltr'>ius</span> <span class='ocrx_word' id='word_1_240' title='bbox 946 2940 1034 2975; x_wconf 83' lang='lat' dir='ltr'>rernm</span> <span class='ocrx_word' id='word_1_241' title='bbox 1053 2920 1230 2992; x_wconf 73' lang='lat' dir='ltr'>patriarchalis</span> <span class='ocrx_word' id='word_1_242' title='bbox 1246 2921 1327 2972; x_wconf 88' lang='lat' dir='ltr'>hono-</span> 
     </span>
     <span class='ocr_line' id='line_1_28' title="bbox 220 2989 1327 3062; baseline -0.002 -18"><span class='ocrx_word' id='word_1_243' title='bbox 220 2991 258 3044; x_wconf 87' lang='lat' dir='ltr'>ris</span> <span class='ocrx_word' id='word_1_244' title='bbox 276 2992 324 3042; x_wconf 91' lang='lat' dir='ltr'>hoc</span> <span class='ocrx_word' id='word_1_245' title='bbox 341 2989 464 3042; x_wconf 86' lang='lat' dir='ltr'>decennio</span> <span class='ocrx_word' id='word_1_246' title='bbox 482 3007 560 3058; x_wconf 87' lang='lat' dir='ltr'>penes</span> <span class='ocrx_word' id='word_1_247' title='bbox 577 2991 742 3044; x_wconf 79' lang='lat' dir='ltr'>Athanasium</span> <span class='ocrx_word' id='word_1_248' title='bbox 766 2993 905 3058; x_wconf 83' lang='lat' dir='ltr'>resedisse,</span> <span class='ocrx_word' id='word_1_249' title='bbox 927 2991 1017 3062; x_wconf 87' lang='lat' dir='ltr'>sicque</span> <span class='ocrx_word' id='word_1_250' title='bbox 1032 2992 1152 3044; x_wconf 88' lang='lat' dir='ltr'>loannem</span> <span class='ocrx_word' id='word_1_251' title='bbox 1168 2991 1231 3042; x_wconf 91' lang='lat' dir='ltr'>nihil</span> <span class='ocrx_word' id='word_1_252' title='bbox 1246 2990 1327 3042; x_wconf 73' lang='lat' dir='ltr'>inimo</span> 
     </span>
     <span class='ocr_line' id='line_1_29' title="bbox 220 3057 1327 3129; baseline -0.001 -17"><span class='ocrx_word' id='word_1_253' title='bbox 220 3059 270 3113; x_wconf 90' lang='lat' dir='ltr'>nisi</span> <span class='ocrx_word' id='word_1_254' title='bbox 293 3057 406 3128; x_wconf 90' lang='lat' dir='ltr'>spurium</span> <span class='ocrx_word' id='word_1_255' title='bbox 429 3058 605 3126; x_wconf 73' lang='lat' dir='ltr'>intrusumque</span> <span class='ocrx_word' id='word_1_256' title='bbox 626 3061 813 3129; x_wconf 72' lang='lat' dir='ltr'>patriercham,</span> <span class='ocrx_word' id='word_1_257' title='bbox 834 3069 880 3113; x_wconf 87' lang='lat' dir='ltr'>aut</span> <span class='ocrx_word' id='word_1_258' title='bbox 902 3067 993 3113; x_wconf 86' lang='lat' dir='ltr'>contra</span> <span class='ocrx_word' id='word_1_259' title='bbox 1016 3062 1083 3112; x_wconf 86' lang='lat' dir='ltr'>buno</span> <span class='ocrx_word' id='word_1_260' title='bbox 1105 3060 1228 3112; x_wconf 72' lang='lat' dir='ltr'>maenius</span> <span class='ocrx_word' id='word_1_261' title='bbox 1251 3075 1327 3112; x_wconf 87' lang='lat' dir='ltr'>acoe-</span> 
     </span>
     <span class='ocr_line' id='line_1_30' title="bbox 220 3127 1327 3212; baseline 0 -32"><span class='ocrx_word' id='word_1_262' title='bbox 220 3137 308 3200; x_wconf 88' lang='lat' dir='ltr'>ptam,</span> <span class='ocrx_word' id='word_1_263' title='bbox 326 3127 447 3179; x_wconf 88' lang='lat' dir='ltr'>canonice</span> <span class='ocrx_word' id='word_1_264' title='bbox 464 3128 607 3180; x_wconf 85' lang='lat' dir='ltr'>exercuisse</span> <span class='ocrx_word' id='word_1_265' title='bbox 624 3131 819 3198; x_wconf 71' lang='lat' dir='ltr'>patriarchalem</span> <span class='ocrx_word' id='word_1_266' title='bbox 836 3137 1010 3200; x_wconf 61' lang='lat' dir='ltr'>potestatemq</span> <span class='ocrx_word' id='word_1_267' title='bbox 1025 3147 1058 3182; x_wconf 88' lang='lat' dir='ltr'>ex</span> <span class='ocrx_word' id='word_1_268' title='bbox 1074 3146 1126 3212; x_wconf 89' lang='lat' dir='ltr'>quo</span> <span class='ocrx_word' id='word_1_269' title='bbox 1142 3130 1177 3183; x_wconf 90' lang='lat' dir='ltr'>sit</span> <span class='ocrx_word' id='word_1_270' title='bbox 1193 3129 1327 3181; x_wconf 76' lang='lat' dir='ltr'>manifesta</span> 
     </span>
     <span class='ocr_line' id='line_1_31' title="bbox 221 3195 1326 3266; baseline -0.002 -16"><span class='ocrx_word' id='word_1_271' title='bbox 221 3212 379 3264; x_wconf 80' lang='lat' dir='ltr'>nonaequens</span> <span class='ocrx_word' id='word_1_272' title='bbox 396 3195 505 3264; x_wconf 87' lang='lat' dir='ltr'>priorem</span> <span class='ocrx_word' id='word_1_273' title='bbox 523 3197 591 3248; x_wconf 82' lang='lat' dir='ltr'>iilum</span> <span class='ocrx_word' id='word_1_274' title='bbox 609 3197 747 3250; x_wconf 71' lang='lat' dir='ltr'>acerdotii</span> <span class='ocrx_word' id='word_1_275' title='bbox 764 3197 825 3250; x_wconf 83' lang='lat' dir='ltr'>tatis</span> <span class='ocrx_word' id='word_1_276' title='bbox 849 3215 881 3250; x_wconf 88' lang='lat' dir='ltr'>ac</span> <span class='ocrx_word' id='word_1_277' title='bbox 904 3199 1035 3266; x_wconf 78' lang='lat' dir='ltr'>dignitatis</span> <span class='ocrx_word' id='word_1_278' title='bbox 1052 3200 1133 3251; x_wconf 85' lang='lat' dir='ltr'>inraso</span> <span class='ocrx_word' id='word_1_279' title='bbox 1148 3209 1211 3250; x_wconf 89' lang='lat' dir='ltr'>tuno</span> <span class='ocrx_word' id='word_1_280' title='bbox 1226 3198 1326 3266; x_wconf 84' lang='lat' dir='ltr'>penitus</span> 
     </span>
     <span class='ocr_line' id='line_1_32' title="bbox 221 3265 1325 3336; baseline -0.003 -16"><span class='ocrx_word' id='word_1_281' title='bbox 221 3273 360 3336; x_wconf 74' lang='lat' dir='ltr'>expertem.</span> <span class='ocrx_word' id='word_1_282' title='bbox 396 3265 430 3316; x_wconf 84' lang='lat' dir='ltr'>ad</span> <span class='ocrx_word' id='word_1_283' title='bbox 448 3267 512 3317; x_wconf 87' lang='lat' dir='ltr'>haec</span> <span class='ocrx_word' id='word_1_284' title='bbox 527 3267 645 3318; x_wconf 88' lang='lat' dir='ltr'>saboiere</span> <span class='ocrx_word' id='word_1_285' title='bbox 661 3268 712 3319; x_wconf 87' lang='lat' dir='ltr'>sibi</span> <span class='ocrx_word' id='word_1_286' title='bbox 728 3267 843 3319; x_wconf 77' lang='lat' dir='ltr'>handen</span> <span class='ocrx_word' id='word_1_287' title='bbox 859 3273 888 3320; x_wconf 86' lang='lat' dir='ltr'>et</span> <span class='ocrx_word' id='word_1_288' title='bbox 904 3269 996 3320; x_wconf 84' lang='lat' dir='ltr'>maiam</span> <span class='ocrx_word' id='word_1_289' title='bbox 1013 3267 1089 3320; x_wconf 82' lang='lat' dir='ltr'>iidem</span> <span class='ocrx_word' id='word_1_290' title='bbox 1102 3267 1206 3319; x_wconf 85' lang='lat' dir='ltr'>aiebant</span> <span class='ocrx_word' id='word_1_291' title='bbox 1221 3266 1246 3317; x_wconf 91' lang='lat' dir='ltr'>iu</span> <span class='ocrx_word' id='word_1_292' title='bbox 1262 3265 1325 3329; x_wconf 77' lang='lat' dir='ltr'>ists,</span> 
     </span>
     <span class='ocr_line' id='line_1_33' title="bbox 221 3332 1325 3405; baseline -0.002 -18"><span class='ocrx_word' id='word_1_293' title='bbox 221 3352 289 3405; x_wconf 89' lang='lat' dir='ltr'>quae</span> <span class='ocrx_word' id='word_1_294' title='bbox 305 3332 455 3396; x_wconf 86' lang='lat' dir='ltr'>iactaretur,</span> <span class='ocrx_word' id='word_1_295' title='bbox 473 3333 597 3386; x_wconf 80' lang='lat' dir='ltr'>affectata</span> <span class='ocrx_word' id='word_1_296' title='bbox 613 3336 771 3404; x_wconf 87' lang='lat' dir='ltr'>protectione</span> <span class='ocrx_word' id='word_1_297' title='bbox 783 3335 897 3388; x_wconf 87' lang='lat' dir='ltr'>iniuriam</span> <span class='ocrx_word' id='word_1_298' title='bbox 909 3353 1056 3405; x_wconf 76' lang='lat' dir='ltr'>passornmt</span> <span class='ocrx_word' id='word_1_299' title='bbox 1073 3341 1225 3405; x_wconf 87' lang='lat' dir='ltr'>quaestuosa</span> <span class='ocrx_word' id='word_1_300' title='bbox 1235 3349 1325 3401; x_wconf 82' lang='lat' dir='ltr'>usurpa</span> 
     </span>
     <span class='ocr_line' id='line_1_34' title="bbox 241 3401 1324 3488; baseline -0.002 -32"><span class='ocrx_word' id='word_1_301' title='bbox 241 3401 397 3473; x_wconf 84' lang='lat' dir='ltr'>opuiaritate</span> <span class='ocrx_word' id='word_1_302' title='bbox 412 3410 493 3455; x_wconf 73' lang='lat' dir='ltr'>onera</span> <span class='ocrx_word' id='word_1_303' title='bbox 510 3401 549 3455; x_wconf 90' lang='lat' dir='ltr'>sic</span> <span class='ocrx_word' id='word_1_304' title='bbox 565 3403 694 3456; x_wconf 82' lang='lat' dir='ltr'>inventam</span> <span class='ocrx_word' id='word_1_305' title='bbox 712 3403 939 3488; x_wconf 87' lang='lat' dir='ltr'>praeoccupandas</span> <span class='ocrx_word' id='word_1_306' title='bbox 954 3405 1080 3458; x_wconf 86' lang='lat' dir='ltr'>beneficio</span> <span class='ocrx_word' id='word_1_307' title='bbox 1097 3402 1280 3467; x_wconf 84' lang='lat' dir='ltr'>multitudiuis,</span> <span class='ocrx_word' id='word_1_308' title='bbox 1295 3408 1324 3454; x_wconf 86' lang='lat' dir='ltr'>et</span> 
     </span>
     <span class='ocr_line' id='line_1_35' title="bbox 233 3471 1325 3540; baseline -0.002 -15"><span class='ocrx_word' id='word_1_309' title='bbox 233 3473 331 3525; x_wconf 87' lang='lat' dir='ltr'>niuatae</span> <span class='ocrx_word' id='word_1_310' title='bbox 350 3487 417 3540; x_wconf 85' lang='lat' dir='ltr'>qaae</span> <span class='ocrx_word' id='word_1_311' title='bbox 434 3479 571 3540; x_wconf 87' lang='lat' dir='ltr'>pararetur</span> <span class='ocrx_word' id='word_1_312' title='bbox 585 3472 733 3525; x_wconf 74' lang='lat' dir='ltr'>intrusionis</span> <span class='ocrx_word' id='word_1_313' title='bbox 750 3473 863 3526; x_wconf 77' lang='lat' dir='ltr'>faotione</span> <span class='ocrx_word' id='word_1_314' title='bbox 878 3473 1042 3527; x_wconf 84' lang='lat' dir='ltr'>obnoxiorum</span> <span class='ocrx_word' id='word_1_315' title='bbox 1059 3473 1272 3526; x_wconf 83' lang='lat' dir='ltr'>corroborandae.</span> <span class='ocrx_word' id='word_1_316' title='bbox 1296 3471 1325 3523; x_wconf 84' lang='lat' dir='ltr'>in</span> 
     </span>
     <span class='ocr_line' id='line_1_36' title="bbox 223 3539 1326 3612; baseline 0 -18"><span class='ocrx_word' id='word_1_317' title='bbox 223 3541 289 3594; x_wconf 92' lang='lat' dir='ltr'>hune</span> <span class='ocrx_word' id='word_1_318' title='bbox 307 3541 405 3595; x_wconf 87' lang='lat' dir='ltr'>modum</span> <span class='ocrx_word' id='word_1_319' title='bbox 423 3548 451 3592; x_wconf 85' lang='lat' dir='ltr'>et</span> <span class='ocrx_word' id='word_1_320' title='bbox 467 3539 638 3593; x_wconf 87' lang='lat' dir='ltr'>sentientibus</span> <span class='ocrx_word' id='word_1_321' title='bbox 655 3547 682 3594; x_wconf 93' lang='lat' dir='ltr'>et</span> <span class='ocrx_word' id='word_1_322' title='bbox 698 3542 880 3596; x_wconf 83' lang='lat' dir='ltr'>disserentibus</span> <span class='ocrx_word' id='word_1_323' title='bbox 896 3543 1022 3612; x_wconf 89' lang='lat' dir='ltr'>episcopis</span> <span class='ocrx_word' id='word_1_324' title='bbox 1038 3541 1179 3603; x_wconf 76' lang='lat' dir='ltr'>mantilis,</span> <span class='ocrx_word' id='word_1_325' title='bbox 1205 3557 1263 3594; x_wconf 84' lang='lat' dir='ltr'>cum</span> <span class='ocrx_word' id='word_1_326' title='bbox 1279 3540 1326 3594; x_wconf 80' lang='lat' dir='ltr'>aiii</span> 
     </span>
     <span class='ocr_line' id='line_1_37' title="bbox 222 3609 1327 3682; baseline 0 -21"><span class='ocrx_word' id='word_1_327' title='bbox 222 3610 391 3680; x_wconf 86' lang='lat' dir='ltr'>persistentes</span> <span class='ocrx_word' id='word_1_328' title='bbox 408 3609 435 3661; x_wconf 88' lang='lat' dir='ltr'>iu</span> <span class='ocrx_word' id='word_1_329' title='bbox 454 3609 509 3661; x_wconf 88' lang='lat' dir='ltr'>heri</span> <span class='ocrx_word' id='word_1_330' title='bbox 527 3617 629 3663; x_wconf 86' lang='lat' dir='ltr'>ostensa</span> <span class='ocrx_word' id='word_1_331' title='bbox 646 3613 774 3664; x_wconf 85' lang='lat' dir='ltr'>sententia</span> <span class='ocrx_word' id='word_1_332' title='bbox 790 3619 979 3682; x_wconf 76' lang='lat' dir='ltr'>repugnarent,</span> <span class='ocrx_word' id='word_1_333' title='bbox 996 3610 1079 3663; x_wconf 88' lang='lat' dir='ltr'>scindi</span> <span class='ocrx_word' id='word_1_334' title='bbox 1095 3609 1223 3664; x_wconf 80' lang='lat' dir='ltr'>antistites</span> <span class='ocrx_word' id='word_1_335' title='bbox 1239 3609 1268 3661; x_wconf 91' lang='lat' dir='ltr'>in</span> <span class='ocrx_word' id='word_1_336' title='bbox 1283 3610 1327 3661; x_wconf 84' lang='lat' dir='ltr'>ia-</span> 
     </span>
     <span class='ocr_line' id='line_1_38' title="bbox 222 3677 1327 3748; baseline -0.001 -17"><span class='ocrx_word' id='word_1_337' title='bbox 222 3679 321 3734; x_wconf 86' lang='lat' dir='ltr'>ctioues</span> <span class='ocrx_word' id='word_1_338' title='bbox 339 3677 456 3745; x_wconf 73' lang='lat' dir='ltr'>contigit,</span> <span class='ocrx_word' id='word_1_339' title='bbox 473 3677 514 3731; x_wconf 88' lang='lat' dir='ltr'>hls</span> <span class='ocrx_word' id='word_1_340' title='bbox 530 3695 563 3731; x_wconf 82' lang='lat' dir='ltr'>ax</span> <span class='ocrx_word' id='word_1_341' title='bbox 579 3680 687 3733; x_wconf 84' lang='lat' dir='ltr'>adverso</span> <span class='ocrx_word' id='word_1_342' title='bbox 703 3681 890 3734; x_wconf 79' lang='lat' dir='ltr'>affirmantibus</span> <span class='ocrx_word' id='word_1_343' title='bbox 906 3697 1066 3748; x_wconf 80' lang='grc' dir='ltr'><strong><em>αοηιιιηαιια</em></strong></span> <span class='ocrx_word' id='word_1_344' title='bbox 1083 3679 1133 3732; x_wconf 88' lang='lat' dir='ltr'>rite</span> <span class='ocrx_word' id='word_1_345' title='bbox 1146 3680 1230 3731; x_wconf 84' lang='lat' dir='ltr'>inissa</span> <span class='ocrx_word' id='word_1_346' title='bbox 1244 3677 1327 3748; x_wconf 84' lang='lat' dir='ltr'>depo-</span> 
     </span>
     <span class='ocr_line' id='line_1_39' title="bbox 223 3746 1327 3819; baseline 0 -19"><span class='ocrx_word' id='word_1_347' title='bbox 223 3746 299 3800; x_wconf 88' lang='lat' dir='ltr'>situm</span> <span class='ocrx_word' id='word_1_348' title='bbox 318 3746 492 3811; x_wconf 76' lang='lat' dir='ltr'>Athanasium,</span> <span class='ocrx_word' id='word_1_349' title='bbox 509 3748 555 3801; x_wconf 90' lang='lat' dir='ltr'>sed</span> <span class='ocrx_word' id='word_1_350' title='bbox 571 3747 665 3801; x_wconf 85' lang='lat' dir='ltr'>iniuste</span> <span class='ocrx_word' id='word_1_351' title='bbox 682 3755 710 3802; x_wconf 86' lang='lat' dir='ltr'>at</span> <span class='ocrx_word' id='word_1_352' title='bbox 724 3748 835 3803; x_wconf 82' lang='lat' dir='ltr'>invalida</span> <span class='ocrx_word' id='word_1_353' title='bbox 850 3765 898 3819; x_wconf 90' lang='lat' dir='ltr'>per</span> <span class='ocrx_word' id='word_1_354' title='bbox 913 3749 964 3803; x_wconf 80' lang='lat' dir='ltr'>rim</span> <span class='ocrx_word' id='word_1_355' title='bbox 980 3749 1115 3812; x_wconf 89' lang='lat' dir='ltr'>deiectam,</span> <span class='ocrx_word' id='word_1_356' title='bbox 1131 3747 1242 3817; x_wconf 76' lang='lat' dir='ltr'>legitima</span> <span class='ocrx_word' id='word_1_357' title='bbox 1257 3763 1327 3801; x_wconf 79' lang='lat' dir='ltr'>sem-</span> 
     </span>
     <span class='ocr_line' id='line_1_40' title="bbox 221 3817 1327 3888; baseline 0.001 -21"><span class='ocrx_word' id='word_1_358' title='bbox 221 3831 271 3884; x_wconf 89' lang='lat' dir='ltr'>per</span> <span class='ocrx_word' id='word_1_359' title='bbox 286 3823 389 3870; x_wconf 83' lang='lat' dir='ltr'>retenta</span> <span class='ocrx_word' id='word_1_360' title='bbox 404 3832 575 3887; x_wconf 86' lang='lat' dir='ltr'>possessaque</span> <span class='ocrx_word' id='word_1_361' title='bbox 591 3817 734 3886; x_wconf 66' lang='lat' dir='ltr'>dignitates</span> <span class='ocrx_word' id='word_1_362' title='bbox 755 3836 837 3888; x_wconf 85' lang='lat' dir='ltr'>quare</span> <span class='ocrx_word' id='word_1_363' title='bbox 858 3819 928 3871; x_wconf 81' lang='lat' dir='ltr'>iuna</span> <span class='ocrx_word' id='word_1_364' title='bbox 949 3827 1022 3870; x_wconf 85' lang='lat' dir='ltr'>recta</span> <span class='ocrx_word' id='word_1_365' title='bbox 1045 3826 1125 3886; x_wconf 86' lang='lat' dir='ltr'>atquo</span> <span class='ocrx_word' id='word_1_366' title='bbox 1147 3817 1237 3870; x_wconf 88' lang='lat' dir='ltr'>ordine</span> <span class='ocrx_word' id='word_1_367' title='bbox 1259 3828 1327 3868; x_wconf 81' lang='lat' dir='ltr'>nuno</span> 
     </span>
     <span class='ocr_line' id='line_1_41' title="bbox 220 3884 1326 3972; baseline 0.002 -37"><span class='ocrx_word' id='word_1_368' title='bbox 220 3884 264 3936; x_wconf 78' lang='lat' dir='ltr'>vei</span> <span class='ocrx_word' id='word_1_369' title='bbox 283 3899 341 3937; x_wconf 86' lang='lat' dir='ltr'>sero</span> <span class='ocrx_word' id='word_1_370' title='bbox 358 3885 462 3955; x_wconf 72' lang='lat' dir='ltr'>agnosci</span> <span class='ocrx_word' id='word_1_371' title='bbox 485 3903 532 3970; x_wconf 83' lang='lat' dir='ltr'>prq</span> <span class='ocrx_word' id='word_1_372' title='bbox 554 3903 585 3938; x_wconf 88' lang='lat' dir='ltr'>eo</span> <span class='ocrx_word' id='word_1_373' title='bbox 608 3885 651 3956; x_wconf 88' lang='lat' dir='ltr'>qui</span> <span class='ocrx_word' id='word_1_374' title='bbox 667 3903 729 3940; x_wconf 88' lang='lat' dir='ltr'>rere</span> <span class='ocrx_word' id='word_1_375' title='bbox 746 3889 797 3955; x_wconf 88' lang='lat' dir='ltr'>sit,</span> <span class='ocrx_word' id='word_1_376' title='bbox 821 3891 851 3972; x_wconf 71' lang='lat' dir='ltr'>et</span> <span class='ocrx_word' id='word_1_377' title='bbox 872 3888 899 3940; x_wconf 93' lang='lat' dir='ltr'>in</span> <span class='ocrx_word' id='word_1_378' title='bbox 916 3894 1006 3972; x_wconf 71' lang='lat' dir='ltr'>erepto</span> <span class='ocrx_word' id='word_1_379' title='bbox 1023 3885 1111 3969; x_wconf 76' lang='lat' dir='ltr'>inique</span> <span class='ocrx_word' id='word_1_380' title='bbox 1126 3885 1216 3956; x_wconf 87' lang='lat' dir='ltr'>reponi</span> <span class='ocrx_word' id='word_1_381' title='bbox 1232 3886 1326 3937; x_wconf 88' lang='lat' dir='ltr'>throno</span> 
     </span>
     <span class='ocr_line' id='line_1_42' title="bbox 218 3955 1328 4095; baseline 0.001 -22"><span class='ocrx_word' id='word_1_382' title='bbox 218 3957 770 4093; x_wconf 57' lang='lat' dir='ltr'>tt&#39;uttultrttfflttttttt</span> <span class='ocrx_word' id='word_1_383' title='bbox 786 3955 1328 4095; x_wconf 55' lang='lat' dir='ltr'>utttittttttt&#39;tttttt</span> 
     </span>
     <span class='ocr_line' id='line_1_43' title="bbox 220 4089 1327 4230; baseline 0.003 -20"><span class='ocrx_word' id='word_1_384' title='bbox 220 4089 320 4210; x_wconf 59' lang='lat' dir='ltr'>{itit</span> <span class='ocrx_word' id='word_1_385' title='bbox 336 4107 400 4226; x_wconf 69' lang='lat' dir='ltr'>‘tt&#39;</span> <span class='ocrx_word' id='word_1_386' title='bbox 412 4091 479 4212; x_wconf 71' lang='lat' dir='ltr'>itt</span> <span class='ocrx_word' id='word_1_387' title='bbox 496 4091 1327 4230; x_wconf 49' lang='lat' dir='ltr'>:tuttt‘tttttffittti&#39;stitutum·</span> 
     </span>
     <span class='ocr_line' id='line_1_44' title="bbox 220 4180 1329 4312; baseline 0.004 -35"><span class='ocrx_word' id='word_1_388' title='bbox 220 4243 288 4296; x_wconf 86' lang='lat' dir='ltr'>qnae</span> <span class='ocrx_word' id='word_1_389' title='bbox 313 4241 369 4277; x_wconf 84' lang='lat' dir='ltr'>autu</span> <span class='ocrx_word' id='word_1_390' title='bbox 392 4227 558 4282; x_wconf 83' lang='lat' dir='ltr'>adversantes</span> <span class='ocrx_word' id='word_1_391' title='bbox 581 4230 625 4283; x_wconf 85' lang='lat' dir='ltr'>aiii</span> <span class='ocrx_word' id='word_1_392' title='bbox 648 4180 835 4283; x_wconf 65' lang='lat' dir='ltr'>wateutiosiuh</span> <span class='ocrx_word' id='word_1_393' title='bbox 857 4231 1007 4284; x_wconf 78' lang='lat' dir='ltr'>retolleront</span> <span class='ocrx_word' id='word_1_394' title='bbox 1029 4245 1185 4312; x_wconf 76' lang='lat' dir='ltr'>magnopere</span> <span class='ocrx_word' id='word_1_395' title='bbox 1207 4227 1329 4282; x_wconf 79' lang='lat' dir='ltr'>iactanda</span> 
     </span>
     <span class='ocr_line' id='line_1_45' title="bbox 218 4293 1328 4367; baseline 0.001 -17"><span class='ocrx_word' id='word_1_396' title='bbox 218 4293 425 4364; x_wconf 78' lang='lat' dir='ltr'>validissimaque</span> <span class='ocrx_word' id='word_1_397' title='bbox 438 4296 637 4353; x_wconf 85' lang='lat' dir='ltr'>demonstranda</span> <span class='ocrx_word' id='word_1_398' title='bbox 652 4298 816 4354; x_wconf 76' lang='lat' dir='ltr'>abdicatione</span> <span class='ocrx_word' id='word_1_399' title='bbox 834 4299 985 4367; x_wconf 68' lang='lat' dir='ltr'>hhmssiis</span> <span class='ocrx_word' id='word_1_400' title='bbox 1000 4300 1075 4354; x_wconf 78' lang='grc' dir='ltr'><strong><em>ααίαι</em></strong></span> <span class='ocrx_word' id='word_1_401' title='bbox 1090 4305 1171 4354; x_wconf 84' lang='lat' dir='ltr'>ettam</span> <span class='ocrx_word' id='word_1_402' title='bbox 1183 4313 1278 4353; x_wconf 79' lang='lat' dir='ltr'>otmar</span> <span class='ocrx_word' id='word_1_403' title='bbox 1293 4312 1328 4351; x_wconf 81' lang='lat' dir='ltr'>ex</span> 
     </span>
    </p>
   </div>
   <div class='ocr_carea' id='block_1_5' title="bbox 0 0 1519 4900">
    <p class='ocr_par' dir='ltr' id='par_1_5' title="bbox 0 0 1519 4900">
     <span class='ocr_line' id='line_1_46' title="bbox 0 0 1519 4900; baseline 0 0"><span class='ocrx_word' id='word_1_404' title='bbox 0 0 1519 4900; x_wconf 95' lang='lat' dir='ltr'> </span> 
     </span>
    </p>
   </div>
  </div>
 </body>
</html>
