3009 4900
435 357 514 431 ΗΒ.
540 357 568 428 l.
621 359 895 436 mussenwu.
1137 363 1210 435 707

89 547 186 608 zon,
210 521 255 598 sle
268 513 405 604 χιίιιίίας
431 519 543 598 ιιοίἰυίς
564 521 767 606 ιιοσουμίνηυ.
807 523 883 586 lncc
898 524 951 606 qni
962 527 1125 592 contulerit
1140 551 1210 594 cum

92 617 259 672 contextu
273 607 421 684 rumoris,
443 609 531 668 lecile
545 609 759 687 diecrepmtiss
775 608 901 672 nocebit

199 693 428 773 οἰκονομίαι
455 697 562 774 p-168
583 714 614 759 v.
634 698 665 759 2
712 697 774 774 sgit
793 694 831 756 de
859 694 1067 758 ecclesiaticis
1092 718 1110 757 s
1131 699 1209 759 Sabe

91 777 262 840 monacho
276 777 411 854 vexatis,
431 777 609 858 inquorum
626 798 695 840 cum
713 779 889 860 οἰκονομίας
907 779 1027 841 irruine
1046 781 1207 844 detinendo

94 874 133 924 et
152 865 322 944 repetendo
338 872 519 943 proventus,
542 873 695 944 tumqusm
707 865 755 942 illi
769 865 833 926 iure
845 865 914 924 illce
927 865 1113 947 percipiendi
1128 870 1208 928 exci-

95 950 227 1010 dissent
238 949 364 1008 crimine
376 947 606 1028 perduellionis,
628 949 661 1008 in
675 950 759 1028 quod
771 949 840 1010 illue
853 948 1014 1012 incurriesc
1028 951 1134 1029 sichel,
1154 952 1207 1014 hu.

96 1034 265 1112 bensium
285 1043 349 1092 lum
369 1034 452 1113 ipsos
474 1045 533 1114 pr'o
555 1033 753 1101 conricliset
775 1034 930 1100 dsmnctis.
974 1057 1012 1096 αι
1025 1035 1073 1097 his
1086 1039 1208 1100 videtur

100 1119 216 1197 colligi
229 1117 405 1198 οἰκονομίας
418 1117 468 1178 liic
481 1120 583 1178 vocsri
596 1139 671 1198 ques
688 1121 779 1198 vulgo
798 1115 988 1198 praebendae
1000 1131 1053 1180 sut
1066 1121 1209 1202 beneficia

101 1205 259 1280 dicimus,
279 1204 344 1264 iure
364 1204 447 1264 veria
462 1203 724 1285 percipiendarum
742 1205 914 1284 portionum
935 1225 973 1264 ex
994 1206 1137 1268 reditibus
1155 1230 1207 1270 ec-

102 1290 221 1350 clesiae
244 1288 332 1348 certic
352 1287 469 1348 clericie
500 1297 553 1350 sut
581 1289 786 1350 sucerdotibus
812 1289 930 1350 ratione
947 1289 1135 1353 functionum
1158 1305 1210 1355 sut

102 1373 346 1434 ministeriorum
367 1373 442 1454 ipsis
469 1373 716 1436 demendutorum
736 1373 944 1456 computatis.
994 1376 1037 1436 eiu
1057 1377 1209 1458 opinubur.

103 1469 212 1520 umen
227 1479 265 1518 ns
287 1457 360 1536 quid
376 1459 632 1538 praeiudicatum,
654 1459 752 1542 ipsene
775 1461 1025 1522 Oeconomiurum
1039 1481 1142 1524 vocem
1152 1465 1209 1526 in-

105 1544 307 1626 terpretando
320 1543 443 1608 retinui.

194 1627 354 1710 Ὀἰιργοί
376 1648 408 1709 p.
421 1628 464 1694 85
478 1646 510 1691 v.
526 1631 575 1696 17.
618 1630 682 1707 sgit
693 1628 732 1690 de
748 1649 817 1688 srcs
831 1629 909 1692 intre
924 1651 1013 1711 qnsm
1029 1631 1211 1692 erstcondi-

102 1724 177 1775 tum
195 1714 310 1774 Arrenii
323 1733 452 1794 corpus3
470 1733 561 1792 quem
576 1714 667 1792 punio
678 1723 748 1774 ente
761 1710 903 1795 κιβιίτιον
918 1715 1050 1790 rccsvit,
1071 1725 1103 1777 et
1113 1717 1208 1776 fuisse

106 1799 274 1881 repositsm
292 1797 371 1858 dixit
382 1799 452 1879 νιιρί
462 1793 500 1860 cd
516 1795 601 1873 δεξιαί
613 1803 669 1864 τοῦ
688 1794 823 1880 βήματος
837 1823 859 1860 u
874 1799 988 1861 dextris
1004 1802 1135 1879 αίίανίι,
1156 1799 1208 1860 ἰιίυ

107 1895 211 1946 sutem
221 1878 281 1960 sil,
303 1884 376 1944 seris
388 1882 476 1944 tertis
491 1883 626 1944 cuiusvis
638 1882 844 1962 hebdomadis,
866 1886 1057 1948 concurrenti
1072 1885 1109 1946 de
1123 1906 1208 1946 nucre

108 1971 228 2052 populo
250 1969 289 2028 ud
319 1969 436 2028 cultum
463 1967 656 2047 Hodegorum
682 1969 849 2049 subaperiri
869 1970 1056 2032 consuevisse
1076 1971 1209 2030 arculsm

108 2056 216 2128 istum5
237 2053 371 2130 beccel,
393 2063 428 2114 ul
441 2053 568 2132 opinor,
595 2053 712 2114 modice
722 2055 856 2130 reserari,
878 2067 912 2116 ut
926 2057 1077 2117 obtutibus
1089 2055 1209 2114 intuen-

109 2140 188 2198 tium
205 2159 260 2220 per
274 2139 364 2198 rimss
376 2148 428 2198 sut
440 2137 556 2198 clathra
570 2159 636 2197 osss
648 2139 731 2198 intur
744 2141 874 2220 reponite
886 2150 1041 2220 peterent,
1062 2160 1126 2200 non
1137 2159 1210 2199 con·
1285 2201 1293 2220 ‚

110 2223 295 2285 trectstioni.
335 2223 386 2282 liic
401 2233 469 2282 ente
484 2222 584 2283 omnis
597 2223 825 2303 disquirendum
843 2235 888 2286 est
901 2225 1044 2306 quidcem
1058 2223 1108 2284 hic
1118 2223 1208 2304 Ὀδρ-

110 2310 163 2394 γοί
179 2310 335 2378 dicuntur,
365 2316 394 2368 ct
415 2308 482 2388 quis
502 2306 554 2368 hic
576 2328 680 2370 eornm
698 2310 826 2370 usitatus
847 2311 944 2370 tertiis
958 2310 1041 2370 leriie
1056 2311 1209 2390 populeris

113 2394 224 2456 uultur.
266 2413 357 2473 cogor
370 2396 480 2455 nsicsre
492 2392 526 2455 iu
539 2395 680 2471 tenebris,
702 2395 755 2475 qui
769 2395 806 2455 de
821 2392 868 2457 hic
881 2397 915 2457 in
931 2396 1112 2457 Graecorum
1125 2380 1219 2455 libriux

112 2480 190 2541 nihil
219 2480 393 2539 invenerim.
441 2479 545 2539 diuet
567 2481 928 2561 silentecircumspcclie
951 2482 1105 2555 omnibus,
1132 2480 1210 2541 nihil

114 2566 302 2626 verisimilius
313 2564 401 2625 video
414 2584 504 2644 quem
518 2566 638 2625 solitum
657 2567 740 2625 feriis
752 2568 851 2627 tertiis
871 2565 1129 2645 constantinopoli
1143 2567 1209 2644 ple-

113 2650 179 2711 bem
191 2660 365 2711 venerstum
378 2650 424 2709 ire
431 2652 483 2709 SS.
493 2649 627 2729 Angelos.
637 2672 706 2711 num
716 2651 774 2711 luce
781 2650 915 2735 Ὀἰηγαῑν
922 2651 1051 2711 indicsri
1065 2650 1209 2709 vocabulo

115 2756 153 2797 ex
168 2734 374 2816 Chrysostomi
386 2735 504 2813 liturgic
517 2736 643 2813 colligo,
664 2738 698 2795 in
720 2754 778 2815 qus
791 2736 932 2795 diaconus
946 2735 990 2793 uic
1003 2754 1077 2793 voce
1091 2731 1209 2793 sublslc

115 2823 304 2903 pronuntiat:
325 2815 449 2902 ἄγγελον
465 2814 588 2902 εἰρήνης
604 2817 711 2884 ιιισιίν
732 2816 866 2899 ὁδηγόν,
888 2811 1010 2897 φύίαιια
1024 2820 1085 2879 ruis
1099 2820 1209 2895 ψυχαῖν

115 2906 166 2969 sul
187 2902 331 2986 σωμάτων
346 2902 456 2984 ἡμῶν,
481 2900 563 2986 ιιαροί
579 2909 635 2967 τοῦ
649 2906 757 2982 αυρίον
775 2897 972 2984 αἰτησόμεθα
995 2901 1138 2983 angelum
1144 2922 1208 2982 pa-

117 2994 178 3067 cis,
198 2990 323 3071 fidelem
343 2988 465 3065 ducem,
495 2987 650 3049 custodem
667 2992 846 3047 animarum
866 3001 1072 3069 etcorporum
1086 3000 1209 3047 nostro·
1274 2992 1278 2998 “

118 3097 203 3145 rum,
230 3097 252 3134 ο
270 3074 391 3135 domino
407 3076 606 3154 postulemus.
648 3074 697 3133 cui
715 3074 899 3153 respondens
916 3072 1029 3135 chorus
1051 3073 1209 3131 scclsnnt:

118 3158 272 3243 παράσχου
282 3156 385 3242 edoce,
403 3160 514 3239 praebe
527 3158 655 3219 domiue.
697 3159 736 3218 sd
748 3157 831 3219 hunc
843 3160 941 3221 locum
954 3162 998 3218 sic
1012 3167 1135 3217 annotet
1149 3159 1208 3215 Cs-

118 3246 221 3307 bssilss
242 3266 269 3307 c.
284 3244 342 3311 el:
370 3239 524 3325 εἰχόμεθα
540 3245 609 3327 περὶ
630 3248 686 3308 rosi
704 3238 840 3321 φύλακος
861 3238 985 3325 ἇγγίίου
999 3236 1117 3322 ου’χίνα
1133 3238 1210 3320 ἡμῖν

118 3326 179 3395 τίσι
194 3333 277 3417 δοθῇ
293 3330 428 3410 (δίδοται
438 3328 495 3411 γαίρ
505 3330 536 3406 ἐξ
547 3325 641 3412 ἀρχῆς
654 3326 767 3415 Moru
780 3334 839 3393 τῶν
850 3332 965 3392 πιστῶν
980 3323 1117 3410 ἅγγελος)
1139 3320 1207 3389 α’ἰί’

119 3418 169 3495 luc
178 3414 293 3497 ίνεργίς
304 3408 330 3564 ἓ
342 3414 395 3477 seul
408 3412 444 3477 τοί
457 3411 556 3479 circui
566 3420 641 3501 ποιῇ
653 3412 705 3488 καί
718 3418 841 3501 φρουρῇ
855 3412 908 3477 seul
923 3411 997 3497 πρὸς
1008 3409 1064 3493 τήν
1083 3407 1208 3475 ιιίθεῖαν

121 3498 191 3565 dclv
204 3500 285 3580 ἡμᾶς
322 3502 409 3584 drmi-
452 3522 578 3560 cramus
593 3522 684 3580 super
699 3499 824 3559 cuetcde
837 3500 964 3579 megelo,
986 3520 1046 3559 nou
1066 3508 1101 3557 αἰ
1119 3498 1208 3557 nobie

122 3586 204 3646 delur
223 3584 332 3667 (datus
352 3587 430 3645 mim
448 3597 493 3646 sec
517 3607 538 3644 u
549 3588 706 3666 princepio
727 3588 894 3666 unicuique
902 3583 1049 3663 fidelium
1063 3582 1208 3661 angelus)

122 3670 219 3730 redut
235 3674 346 3730 intents
361 3682 496 3750 operetur
509 3683 536 3730 et
553 3692 633 3750 quae
644 3672 697 3728 sui
709 3680 784 3729 sunl
800 3674 933 3729 munerie
945 3681 1031 3749 agat,
1053 3665 1209 3726 curtodiut

124 3778 219 3836 nempe
230 3778 269 3815 uc
280 3760 313 3816 in
325 3768 439 3815 rectam
454 3778 510 3815 nos
524 3760 609 3815 vium
626 3755 752 3835 dirigat.
794 3754 869 3815 hscc
885 3753 945 3827 ibi;
967 3773 1005 3813 ex
1026 3752 1133 3832 quibus
1150 3771 1244 3844 pru-l,
1263 3793 1314 3845 50⁰

122 3851 164 3901 tet
176 3863 260 3921 quum
278 3844 417 3920 frequens
433 3842 553 3901 Grsecis
565 3841 710 3901 indicatio
722 3839 881 3901 custodum
895 3838 1066 3917 angelorum
1081 3858 1137 3917 per
1148 3856 1205 3897 vc-

124 3946 182 3985 ccn
196 3921 316 4007 ὅίηγιιν
330 3927 431 3987 luerit.
473 3935 519 3987 est
539 3936 638 3986 sutem
656 3933 687 3985 et
704 3926 782 3985 illud
798 3926 937 4005 antiquae
951 3922 985 3983 in
1004 3922 1128 3983 ecclesis
1142 3932 1207 3981 tru-

124 4011 235 4071 diticnis
254 4011 400 4072 hodierno
421 4011 628 4092 experimento
646 4011 834 4088 notissimae,
856 4019 889 4070 ut
912 4008 985 4067 ferie
999 4006 1208 4067 tertiecuius-

124 4098 167 4157 vir
177 4096 366 4156 hebdomudis
380 4096 475 4157 cultui
489 4096 660 4176 angelorum
675 4096 849 4173 sssignetur.
892 4093 1030 4157 existimo
1049 4090 1142 4170 igitur
1155 4111 1209 4150 so·

125 4182 204 4241 litun
218 4182 480 4262 Constantinopoli
494 4182 641 4263 populum
656 4181 753 4241 tertiis
768 4180 850 4240 seriis
864 4178 902 4238 sd
916 4176 1137 4239 venerationem
1152 4197 1209 4235 en-

124 4266 247 4345 gelcrum
262 4287 451 4330 concurrere.
495 4287 582 4346 quem
595 4274 695 4326 sutem
708 4267 740 4326 in
752 4262 875 4325 locum'l
896 4261 1011 4323 indicat
1022 4261 1074 4321 hic
1091 4260 1210 4340 Pnchy-
1330 4322 1332 4327 ,

126 4372 210 4413 meres
225 4372 406 4415 concursum
414 4351 498 4413 hunc
510 4352 624 4413 suctum
633 4350 674 4412 sd
685 4358 802 4433 purtem
812 4348 966 4413 dexterum
981 4367 1049 4409 erue
1063 4346 1211 4407 muimss
