3009 4900
378 394 381 402 ,
462 441 465 456 .
510 331 588 401 un.
609 331 652 406 11.
700 333 855 402 NOTAE„
1153 333 1229 408 715

85 499 201 579 quod
220 497 422 578 Pachymerea
435 517 508 559 mex
523 499 617 578 dicta,
638 500 733 562 marita
749 499 844 562 millia
856 498 1036 564 bellatorum
1050 521 1089 564 ex
1102 498 1167 566 due
1180 503 1228 564 ci·

85 586 207 647 vibus
225 585 327 645 subite
342 583 482 644 cenllata.
1243 597 1247 604 ’

202 689 242 732 v.
273 673 323 734 19.
365 689 497 749 magnae
524 669 592 728 illic
619 672 761 730 treiieiua
790 679 849 734 ete.
898 671 995 732 veteri
1023 669 1113 752 plane
1138 673 1227 734 inati-

88 764 181 816 tuto
208 753 343 834 Augurti
362 754 521 834 Byzantini
540 755 689 835 praecidio
710 755 842 836 equeatri
862 755 986 836 Bizyam
1010 757 1168 836 tenebant,
1195 768 1226 820 et

90 842 176 900 eiua
206 841 434 921 praefecturam
450 839 525 898 viria
551 841 772 920 praestantibus
793 841 1027 924 committebant.
1068 863 1138 902 nam
1163 843 1223 904 iem

91 925 141 985 ab
160 946 256 985 anno
271 923 386 985 Clerieti
403 925 525 984 circiter
537 927 601 991 880
614 925 705 986 mode
721 927 860 986 laudatur
877 927 1009 1005 accipter
1019 927 1099 988 vitae
1114 931 1145 989 S.
1159 928 1224 988 Ma-

91 1011 173 1071 riae
191 1010 327 1072 iunioris
350 1009 438 1070 docet
458 1009 527 1069 vire
548 1007 661 1074 ciues.
682 1011 816 1073 mulier-ia
836 1009 1023 1092 Nicephere,
1045 1013 1127 1091 qnod
1144 1012 1223 1074 bello

92 1095 280 1176 Bulgaricc
303 1094 432 1156 lortibm
457 1115 488 1154 ee
509 1093 598 1155 leetia
621 1097 874 1174 commendauet,
891 1097 926 1155 in
941 1097 1108 1179 praemium
1121 1098 1223 1160 alatam

96 1201 174 1242 eaae
190 1190 313 1242 turmae
323 1181 541 1262 praefecturam
556 1175 694 1242 habentis
713 1182 874 1243 stationem
889 1181 1008 1263 Biayae.
1048 1183 1140 1246 verba
1156 1183 1221 1244 eiua

95 1265 188 1328 haec
210 1275 300 1326 eunte
319 1261 384 1331 rire
401 1267 506 1329 τοίνυν
522 1262 542 1328 6
559 1269 615 1347 τῆς
632 1269 760 1349 Μαρίας
774 1261 854 1350 eimip
868 1262 1052 1349 Nmppe'cee
1070 1263 1221 1351 ἀριστεύει

98 1359 173 1427 τοῖς
194 1345 386 1434 Βονλγᾶροις
412 1345 597 1433 μαχόμενος,
616 1351 668 1416 eei
687 1345 790 1439 ψήφῳ
806 1357 869 1417 veie
884 1347 1078 1435 κρατούντων
1097 1349 1141 1430 ele
1161 1352 1220 1438 τήν

99 1441 165 1519 τῆς
181 1431 300 1516 Butler
317 1441 452 1516 τοῦρμαν
467 1435 654 1516 lenientem.
1131 1439 1144 1457 ”

198 1543 234 1603 p·
251 1526 314 1589 688
327 1542 356 1583 v.
370 1525 419 1588 12.
460 1519 547 1604 lecal
561 1517 724 1602 Mceearril.
764 1522 849 1584 hunc
864 1522 1084 1583 innominatum
1097 1542 1114 1582 e
1127 1522 1218 1583 lami-

101 1606 150 1666 lia
174 1607 379 1668 Cataneerum
403 1605 605 1670 Ganueneium
623 1607 791 1668 Phocaeam
816 1607 1015 1668 obtinentium
1031 1608 1138 1683 luiree,
1159 1629 1216 1690 pro

102 1703 195 1756 cette
214 1702 262 1754 eat
274 1689 447 1753 habendum
463 1713 502 1754 ex
516 1691 554 1752 iie
571 1713 647 1774 qaae
661 1693 722 1754 vel
738 1693 751 1750 Ι
768 1692 807 1752 ad
820 1713 850 1772 p.
862 1692 927 1759 420
938 1714 968 1753 v.
986 1694 1026 1760 14
1042 1695 1216 1754 ebeervavi-
1273 1759 1277 1771 ¹

72 1781 77 1792 “
103 1797 177 1838 mue
193 1799 228 1859 p.
242 1782 321 1855 676,
343 1777 450 1858 utique
464 1797 533 1837 eum
548 1777 600 1840 hie
613 1799 680 1840 eum
694 1787 797 1838 notter
813 1777 958 1838 manueli·
972 1777 1141 1855 Zachariae,
1161 1777 1215 1857 qui

102 1863 226 1944 primur
238 1861 402 1923 Phocaeam
416 1861 561 1924 beneficio
575 1863 727 1932 Michaelis
742 1863 833 1945 primi
845 1860 1012 1942 Palaeologi
1024 1861 1214 1942 imperatoria

104 1948 246 2029 accepit,
267 1941 416 2028 ἆνεψιόν,
437 1948 497 2009 hoe
518 1956 564 2009 eat
581 1971 620 2012 ex
642 1951 734 2010 fratre
757 1949 807 2008 vel
832 1969 935 2009 acrore
954 1957 1096 2028 nepotem
1118 1956 1213 2013 vocet

105 2033 167 2094 etei
184 2033 265 2094 enim
280 2054 346 2094 vex
361 2025 491 2112 ἆνεψιὸς
506 2033 665 2112 aliquande
679 2035 845 2116 patruelem
860 2032 1023 2112 significat,
1043 2042 1143 2092 tamen
1160 2031 1214 2091 hie

105 2139 126 2178 e
144 2119 240 2179 fratre
260 2129 314 2180 aut
329 2139 434 2179 acrore
455 2119 588 2197 genitum
610 2121 765 2198 designare
783 2119 870 2180 debet
880 2119 1010 2198 intelligi
1026 2138 1064 2178 ex
1079 2138 1115 2177 ec
1129 2117 1213 2197 qued

107 2203 149 2264 ad
166 2209 256 2266 θεῖον
269 2205 418 2280 retertur,
440 2225 497 2284 qua
508 2223 569 2265 una
584 2205 690 2266 Graeci
704 2225 779 2264 voce
793 2204 939 2285 geminam
952 2201 1211 2267 indiacriminatim

106 2287 247 2348 Latinam
260 2288 433 2367 exprimunt
442 2293 557 2370 patrui
570 2299 600 2350 et
612 2291 771 2350 avunculi.
813 2309 903 2368 quare
915 2288 948 2347 in
963 2287 1211 2369 interpretatione

108 2372 256 2434 utramvia
275 2373 448 2434 disiunctim
468 2375 719 2436 neceeaitudinem
734 2376 876 2456 expreaei.
918 2375 1042 2435 fuerunt
1061 2391 1134 2432 aene
1151 2372 1209 2432 Ca-

108 2458 190 2521 tanei
212 2478 249 2518 ec
268 2458 427 2520 Zachariae
446 2460 583 2523 diversae
604 2462 807 2525 Ganueneium
830 2460 978 2538 familiae,
998 2468 1116 2535 tamen,
1138 2466 1172 2518 ut
1190 2478 1209 2517 a
1225 2454 1248 2510 P
1264 2454 1316 2510 660
1343 2457 1345 2461 ’

108 2543 213 2627 peritis
232 2564 334 2607 rerum
356 2544 477 2606 illarum
497 2548 630 2629 accipio,
655 2547 768 2607 crebris
791 2546 987 2607 affinitatibus
1003 2555 1033 2605 et
1047 2544 1208 2605 connubiie

109 2630 152 2689 ita
173 2629 253 2691 inter
272 2650 305 2691 ee
324 2632 482 2707 censurae,
503 2643 539 2693 ut
560 2633 694 2714 potuerit
713 2652 793 2693 unua
805 2641 835 2690 et
849 2632 929 2691 idem
947 2631 1069 2690 nemina
1080 2629 1136 2689 ille
1147 2629 1207 2692 du-

109 2714 189 2797 plici,
209 2712 281 2777 hinc
294 2736 313 2775 a
324 2724 409 2795 patre
420 2716 518 2775 iudea
532 2726 626 2779 matre
638 2718 740 2795 ducto,
761 2718 931 2797 promiacue
943 2714 1100 2789 nominari,
1113 2734 1205 2793 prae·

110 2800 207 2862 eertim
223 2801 260 2862 ab
279 2800 390 2863 exteri·
401 2802 597 2881 ec1iptoribue
616 2822 724 2885 parum
737 2802 771 2859 in
784 2800 832 2862 hir
851 2800 891 2859 ad
904 2805 1043 2861 exactum
1057 2817 1122 2858 rem
1138 2797 1205 2857 cel.-

109 2885 170 2947 lere
182 2883 358 2967 plerumque
372 2886 557 2947 curantibue.

190 2992 218 3051 p.
231 2971 294 3036 640
312 2992 341 3032 v.
360 2974 408 3038 19.
451 2993 504 3030 eae
523 2993 555 3032 ee
574 2972 815 3061 compositurum
829 2971 1050 3027 controversiae
1069 2962 1203 3026 tiendo·

110 3054 209 3117 rictus
223 3066 319 3118 ratus.
357 3056 439 3117 eirca
451 3054 532 3118 hanc
545 3078 610 3119 rem
624 3066 734 3137 geatam
749 3054 825 3115 haec
837 3053 918 3135 apud
932 3054 1201 3113 d’Outremauaum

109 3140 220 3223 reperio
234 3140 288 3202 lib.
305 3140 343 3205 de
361 3142 433 3203 lixo.
451 3143 557 3205 Graec.
573 3146 634 3210 0.ss
650 3163 681 3224 p.
693 3140 770 3207 4672
797 3162 819 3199 α
840 3137 997 3200 Frideriee
1021 3159 1091 3219 rege
1117 3137 1200 3195 Sici*

111 3230 182 3304 liae,
207 3228 295 3286 cuiue
317 3230 468 3309 auepiee'ie
482 3250 627 3311 pugnam
650 3236 823 3308 coeperant,
850 3229 965 3284 miaeua
983 3217 1200 3291 strdinandua

111 3314 259 3373 Baliarici
277 3314 359 3395 regia
381 3316 481 3373 minor
494 3316 590 3395 filice
607 3318 640 3374 in
654 3334 733 3393 pace
751 3312 913 3374 Catelenoe
929 3330 1039 3389 ponere
1053 3305 1198 3387 nequivit,

112 3398 151 3457 ita
170 3398 231 3473 ille;
253 3416 341 3475 quem
354 3418 425 3479 erge
438 3398 490 3461 hic
507 3400 614 3461 Gidam
630 3398 851 3461 atatllataream
868 3396 1042 3457 Pharentam
1056 3388 1198 3452 Theade-

114 3482 183 3543 richi
200 3482 294 3541 filium
311 3495 400 3543 vocat
418 3485 634 3566 pachymeres,
659 3483 834 3547 credibilius
857 3493 904 3543 eet
922 3480 1013 3541 luiaee
1025 3476 1198 3539 Ferdinan-

115 3556 178 3629 ium
195 3566 389 3631 Balearicum.
431 3570 505 3651 quin
523 3580 554 3631 et
571 3574 697 3632 lortaeee
713 3569 862 3629 vocabula
879 3565 933 3627 illa
948 3566 1087 3626 Marma
1103 3559 1197 3621 Pta-

116 3674 176 3714 nm
187 3654 374 3715 eBaIeariee
390 3654 548 3717 fernande
564 3657 628 3720 aire
640 3653 836 3717 Ferdimndo
852 3654 1017 3715 deformata
1030 3646 1152 3710 suerint
