3009 4900
266 295 340 368 150
579 295 757 364 GEORGII
776 293 1041 365 nummulo

265 465 478 554 ἀπαραίτητον
491 465 540 532 tut
551 471 646 532 ντιῖοιν
662 461 849 562 donodono
861 467 911 533 orni
925 460 1201 553 ἅοογνατοῖβατον,
1227 460 1270 541 ὥς
1285 459 1366 530 ndr-
1481 491 1490 526 r

226 573 325 648 Οτας
347 571 404 654 μὲν
426 568 502 636 εἶναι
524 570 555 635 ἓν
577 565 669 660 φόβῳ
689 571 741 636 καὶ
761 569 896 661 ἀγωνίᾳ,
930 568 1006 647 roric
1031 571 1193 646 πλείστους
1211 567 1246 634 δὲ
1266 569 1317 634 καὶ
1332 569 1366 634 ἓν

263 669 452 760 νοταγνῶοτε
473 674 658 758 λογίζεσθαι.
711 669 816 739 πάντα
838 673 871 739 d'
898 671 1061 760 ἀνέτρεπον
1081 675 1133 738 enti
1152 670 1367 754 novigentini
1483 703 1487 734 ι

263 777 321 862 τὴν
342 775 544 860 νομιζομένην
562 775 719 862 ἀκρίβειαν
740 776 820 842 κατὰ
845 771 1111 861 τὰἈναξαγὸρεια
1124 772 1284 860 χρήματα.
1335 773 1366 840 oi

263 881 301 946 dd
309 903 344 965 γε
365 885 421 962 τῆς
440 878 601 964 ἐκκλησίας
613 875 746 966 ὁρῶντες
768 878 809 946 od
823 885 951 946 τελεῐστα
963 880 1020 962 μὲν
1033 877 1113 946 καθ’
1131 876 1262 954 &orode
1275 889 1392 946 aare!

262 982 441 1070 μέμφοντο,
466 979 749 1066 ὑπομιμνήσκοντες
766 983 802 1048 dd
821 985 874 1048 aui
893 989 938 1072 τῷ
962 979 1138 1070 τιοτριοῖρχῃ
1165 980 1367 1068 προοαναφέ·

264 1110 371 1170 ροντες
395 1083 444 1152 ὅτι
458 1087 567 1151 πολλοὶ
584 1084 670 1170 παρὰ
685 1091 751 1152 τῶν
770 1084 884 1172 ἇγρίοεν
906 1081 1069 1170 ὕιτηρετῶν
1089 1084 1207 1170 πληγὰς
1230 1083 1367 1168 ἀνηλεῶς
1487 1127 1491 1136 ·

263 1185 457 1273 ἐλάμβανον,
486 1184 529 1265 ὥς
543 1189 642 1272 δῆθεν
656 1187 697 1254 τὰ
711 1189 812 1255 πολλὰ
824 1187 902 1273 μηδ’
919 1187 1024 1269 ridden,
1051 1186 1308 1272 xooeytouiotono
1322 1183 1367 1263 oio

264 1287 527 1375 ἆταλαατωρῆτας
554 1289 673 1373 ἔχοντες
694 1293 764 1378 περὶ
786 1291 822 1358 td
844 1287 958 1372 tuido,
991 1289 1069 1358 nime
1088 1297 1132 1380 τῷ
1154 1290 1200 1373 μὴ
1222 1289 1257 1358 td
1271 1289 1366 1356 tundo·

228 1391 407 1468 ὓδντόνιιος
421 1403 521 1475 μισεῖν
533 1395 614 1476 μηδὲ
635 1393 673 1460 od
693 1395 789 1460 καλὸν
806 1403 872 1470 τοῖς
890 1394 997 1471 αὐτοῖς
1008 1391 1218 1477 ὑποδέχεσθαι
1231 1391 1365 1478 μέτροις.
1376 1411 1410 1466 10

263 1490 304 1581 ἦν
316 1494 392 1582 γάρ,
420 1493 464 1571 ὥς
483 1492 587 1586 ἐῴκει,
612 1493 759 1574 ὅονοιεός
778 1505 822 1588 τῷ
837 1493 1091 1586 πατριαρχεὸοντι
1107 1499 1140 1563 ἐκ
1152 1497 1248 1580 μέσον
1263 1503 1368 1562 θεῖναι
1487 1547 1492 1584 q

264 1597 302 1668 td
326 1595 500 1687 ἀδιάφορον
506 1648 519 1681 ,
551 1599 610 1666 εἶ’τε
630 1597 668 1666 dr
689 1599 750 1666 εἴτε
774 1604 905 1680 δοκοῦν,
943 1602 976 1666 ἔκ
998 1606 1132 1666 παλαιοῦ
1156 1602 1368 1686 ἐπεισφρῆοον

266 1702 320 1771 dui
331 1701 388 1788 τὴν
402 1709 466 1769 τῶν
483 1708 696 1786 πνευματικῶν
710 1711 916 1792 προστατῶν,
942 1700 985 1782 ὥς
999 1703 1076 1794 ᾤετο
1084 1751 1096 1786 ,
1122 1699 1367 1789 ἀτρμεληοίονῆ

264 1951 382 2024 nequiret
409 1951 557 2021 eruptione·
579 1952 608 2004 in
631 1951 731 2005 nnbitaa
753 1956 781 2005 et
806 1951 876 2005 nniin
900 1955 1018 2022 reapeotn
1044 1949 1162 2005 tardatne
1187 1947 1368 2018 tattigatioaea

264 2035 400 2092 perperam
416 2027 540 2075 aetorum.
572 2030 672 2076 noenta
695 2021 755 2073 irino
770 2019 853 2074 omnia
870 2029 939 2074 metn
958 2021 1067 2087 aoiioito,
1084 2029 1157 2074 aaatn
1173 2019 1311 2074 animorum
1327 2018 1369 2072 in·

263 2090 434 2161 quietiaeirno‚
451 2089 562 2156 videret,
579 2090 717 2160 pierieqne,
732 2090 791 2142 dum
808 2099 836 2142 et
852 2089 1029 2158 indignitatem
1048 2089 1220 2160 prurientium
1238 2097 1266 2140 et
1282 2087 1370 2158 perni-

264 2161 328 2213 ciem
344 2159 523 2212 imminentium
541 2177 597 2212 eun
623 2160 730 2212 horrore
753 2164 889 2228 reputant,
913 2174 996 2228 noque
1017 2159 1049 2211 ad
1075 2157 1280 2229 desperationem
1304 2156 1370 2210 etie-

262 2229 335 2282 ratia.
370 2229 554 2298 metuebatque
573 2227 602 2281 in
624 2227 679 2280 dieo
702 2227 807 2290 maium,
832 2228 892 2280 dum
915 2227 993 2281 nihilo
1009 2227 1094 2280 aetina
1110 2225 1225 2281 monachi
1247 2240 1298 2296 qno
1322 2242 1370 2294 per

262 2312 389 2367 praeoepa
409 2297 579 2352 incubuerant
601 2302 721 2361 murtea,
746 2295 820 2349 novio
842 2295 949 2350 aubinde
974 2297 1184 2368 frequentandie,
1209 2294 1370 2348 simulatione

262 2372 309 2487 pipp
325 2369 587 2487 ppaetexfptpdgaota'a
603 2363 748 2486 reiigiqqilm
764 2365 914 2487 inipumnntae
931 2365 1098 2488 aoprpitatiiq¹¹
1096 2361 1236 2434 exemplis,
1259 2377 1370 2503 pm:

309 2450 418 2487 aeon
513 2452 545 2487 an
575 2452 609 2488 ne
644 2451 687 2492 aaa
736 2450 820 2488 omne
855 2450 873 2487 α
908 2452 966 2489 erae
1006 2452 1047 2487 am
1099 2450 1283 2489 eraoaenra

262 2503 388 2557 ecoieeiae
412 2508 440 2556 et
467 2443 643 2573 attenditui
661 2502 761 2575 qnaiem
786 2473 953 2573 Anixagorar
976 2502 1087 2575 origine·
1113 2452 1200 2557 minet
1223 2502 1371 2557 deteribena

263 2568 346 2629 iniere
361 2572 509 2626 affirmabat
525 2580 634 2626 naturae
651 2572 761 2641 partium
778 2572 874 2625 mixtim
899 2589 930 2626 ac
946 2578 1043 2627 temere
1059 2582 1286 2637 ooaoervatarnm
1310 2578 1371 2627 uuor

264 2642 370 2707 mentia,
386 2658 454 2713 qnae
470 2642 584 2695 ordinem
601 2642 701 2705 intulit,
719 2658 857 2695 eoeneum.
891 2641 956 2697 talia
973 2642 1138 2697 eooieaiaatioi
1153 2658 1209 2695 onm
1226 2648 1371 2709 cernerent,

283 2710 389 2781 ieraqne
429 2710 514 2764 uidem
535 2710 715 2783 improbabant
736 2712 824 2776 taciti,
848 2716 876 2765 et
899 2727 984 2765 omnm
1010 2711 1175 2765 aestimantea
1196 2718 1226 2764 at
1252 2710 1327 2763 nimia
1344 2714 1373 2765 et

324 2780 384 2835 ania
407 2730 569 2835 damnabant.
618 2797 650 2833 ao
675 2796 732 2831 enm
758 2779 878 2833 arbitrati
902 2780 1050 2851 patriarcha
1074 2782 1154 2835 muita
1176 2781 1266 2833 horum
1289 2779 1371 2832 inicio

264 2848 333 2917 fieri,
351 2868 408 2903 eom
424 2850 548 2903 adeunte·
563 2848 705 2901 indicarent
722 2864 791 2919 qnae
807 2850 915 2903 maxime
929 2848 1099 2903 intolerabilia
1114 2849 1264 2915 eredebant,
1281 2862 1373 2919 nempe

266 2926 356 2972 eontra
373 2917 571 2973 eooieeiaatioanr
586 2918 716 2971 ienitatom
738 2918 816 2971 etiam
838 2918 888 2972 vim
906 2936 938 2972 ao
952 2920 1061 2971 verbera
1080 2936 1126 2989 por
1142 2920 1212 2971 ferna
1227 2918 1282 2972 eina
1299 2916 1372 2971 mini·

265 2994 334 3042 ttroa
351 2987 465 3057 piurimis
481 2986 623 3041 orndeiiter
637 2986 744 3054 inferri,
769 2986 837 3057 quod
864 3004 910 3057 pro
928 2986 969 3040 aui
986 2988 1122 3041 atrocitate
1139 3004 1225 3041 omnen
1241 2988 1374 3041 exirtima·

264 3062 325 3108 tent
341 3062 445 3124 praeter
461 3064 570 3109 mentem
590 3062 619 3109 et
635 3056 702 3111 eitra
717 3054 834 3109 notitiem
850 3050 932 3127 ipeina
949 3057 983 3111 ab
999 3056 1058 3109 iatia
1074 3057 1213 3122 attentari,
1237 3056 1281 3109 ilie
1298 3056 1372 3109 inex·

265 3122 441 3195 peetutieoima
462 3140 516 3176 rom
538 3125 706 3193 comprobent
729 3125 806 3179 etiam
829 3126 896 3178 nitro
920 3124 1058 3179 monitores
1074 3124 1144 3179 incra
1162 3126 1224 3179 abet
1240 3133 1269 3177 nt
1286 3124 1373 3178 hebed

266 3192 301 3245 ad
324 3191 384 3244 maii
409 3208 510 3244 aenanm
531 3201 560 3245 et
576 3192 771 3247 detentationem
789 3194 889 3257 animo,
914 3211 1041 3265 apparere
1058 3195 1099 3247 vei
1115 3142 1175 3247 inda
1192 3194 1263 3248 aiena
1280 3194 1373 3247 oalinm

265 3260 402 3313 obductum
422 3260 538 3382 reiffioui
562 3278 594 3316 ac
619 3262 675 3314 aeto
699 3262 829 3332 ipsorum,
856 3262 900 3333 qni
924 3272 1032 3333 eapectn
1048 3263 1209 3333 culpabiiium
1226 3262 1373 3317 defectuum

265 3336 317 3383 tam
334 3346 457 3399 pemmo
479 3331 639 3383 enderentnr.
674 3330 781 3384 aienim
803 3332 909 3385 horrore
932 3348 983 3403 qun
1006 3348 1055 3405 par
1079 3335 1165 3386 inerat
1187 3332 1220 3385 ad
1237 3345 1372 3385 oacnronm

263 3414 345 3469 prave
362 3407 476 3453 actorum
493 3406 726 3466 commoverentur,
749 3400 807 3469 ipro
829 3401 918 3471 utique
943 3400 1003 3453 maii
1020 3402 1079 3455 odio
1097 3401 1130 3455 ad
1146 3402 1205 3454 boni
1223 3400 1273 3473 ipni
1289 3418 1373 3471 oppo-

263 3468 321 3533 τὶιὶ,
340 3483 431 3539 nempe
447 3468 624 3536 oaatigationin
640 3484 691 3539 qna
708 3470 873 3536 emendator,
898 3470 1055 3524 nonemten
1073 3470 1259 3539 agnoeoendam
1277 3472 1372 3541 perdn·

264 3536 475 3605 uenditionem,
496 3554 545 3590 nee
559 3543 703 3591 temerant
719 3538 820 3591 nimium
837 3538 966 3611 culpaturi
982 3539 1150 3613 auppliciunr,
1166 3540 1234 3611 quod
1252 3554 1285 3592 ex
1301 3554 1373 3593 oom-

264 3607 397 3675 peratione
420 3623 452 3659 ao
475 3605 718 3660 oommennnratione
738 3622 796 3661 oum
837 3616 926 3661 ennato
944 3608 1012 3679 quod
1053 3610 1122 3675 unit,
1146 3609 1241 3662 inatnm
1264 3624 1323 3663 eaeo
1340 3624 1372 3661 ao

263 3674 423 3729 moderatom
446 3680 518 3729 rente
539 3673 703 3730 eenrentibna
719 3675 877 3745 inteligitur.
913 3676 952 3730 itia
976 3684 1023 3747 pat
1046 3678 1124 3732 archa
1149 3677 1372 3747 obiurgatinnibno

262 3742 472 3814 inoperatiaeimin
488 3745 551 3797 ietoa
568 3744 693 3799 eeoieaiae
708 3746 833 3815 primorea
850 3745 894 3819 qni
911 3760 967 3799 enm
983 3744 1135 3799 admonituri
1152 3747 1339 3800 conveniebant
1356 3760 1374 3800 a

263 3827 294 3865 ae
310 3813 432 3883 abigena,
457 3830 556 3868 omnem
570 3812 621 3866 iam
645 3814 694 3867 eibi
712 3814 781 3884 apud
798 3832 843 3868 eoa
860 3816 980 3869 demebat
996 3815 1185 3869 excusationem
1204 3818 1237 3869 ab
1255 3816 1373 3885 opinione

263 3879 424 3947 ignorantiae
441 3900 525 3937 rernm
541 3882 738 3955 quatiebant,
762 3892 790 3937 et
813 3890 895 3939 totam
912 3886 937 3939 in
953 3900 1025 3937 annm
1043 3894 1122 3956 eaput
1138 3886 1287 3939 attrahebat
1305 3884 1373 3937 inri-

263 3948 351 4013 diam,
375 3952 438 4004 nihii
464 3952 538 4023 penei
560 3950 696 4024 quidquam
721 3953 832 4020 habena,
859 3954 917 4007 dnm
941 3954 1024 4024 paiarn
1042 3961 1185 4009 ostentaret
1203 3972 1234 4008 eo
1251 3954 1327 4023 piane
1344 3970 1374 4007 aa

264 4024 384 4087 tpectare
400 4036 432 4074 oe
447 4028 519 4076 recu
534 4022 613 4087 ferri,
629 4031 660 4075 ut
677 4039 692 4074 e
708 4022 792 4077 medio
808 4023 910 4077 tolieret
926 4023 1098 4094 radicituaqua
1115 4024 1181 4077 extir
1201 4029 1257 4077 aret
1273 4023 1374 4077 omnino

265 4084 491 4159 qualemcumque,
518 4108 564 4145 een
580 4106 668 4145 reram
684 4108 732 4145 neu
748 4107 781 4162 ap
801 4100 914 4145 arantem
931 4092 1080 4162 disciplinae
1096 4040 1280 4159 remissionem,
1295 4092 1373 4161 ναΙρο

263 4155 459 4209 indifferentiam
476 4170 609 4227 totamm,
632 4178 709 4231 quam
733 4176 767 4213 ex
798 4178 864 4233 ougo
882 4162 992 4232 putabat
1008 4162 1155 4233 obreptione
1172 4170 1279 4284 prrffiter
1296 4162 1376 4232 epiri·

263 4224 371 4278 tnalium
386 4226 532 4294 praeeidom
548 4229 682 4295 incuriam,
695 4229 811 4283 inolitam
827 4246 889 4283 reno
912 4245 971 4283 reae
995 4230 1048 4285 lam
1068 4233 1136 4286 tueri
1157 4249 1207 4305 qua
1242 4248 1265 4285 m
1282 4238 1375 4285 anoto-

263 4293 342 4350 titate
359 4310 392 4349 ex
407 4294 565 4367 praeindido
582 4298 774 4354 oonanetodinb
781 4336 791 4369 ,
807 4308 898 4356 oontra
914 4298 984 4373 qnod
999 4300 1050 4357 rito
1066 4310 1146 4375 atqua
1162 4300 1252 4357 ordino
1267 4300 1308 4357 nd
1324 4298 1375 4354 mi-
