3009 4900
267 315 342 388 716
571 317 806 384 onsnttvsr.
830 317 1065 386 PAGHYMER.

264 483 375 561 lisbiti,
396 485 493 545 laeobi
506 484 621 548 Goaris.
663 483 715 544 liic
735 483 815 545 enim
834 485 895 546 suis
914 485 994 545 notis
1013 485 1053 545 sd
1070 485 1188 546 musam
1201 485 1234 542 S.
1252 483 1374 544 loanms

264 570 468 648 chrysostomi
480 570 589 648 locum,
612 571 727 651 opinor,
746 571 829 630 lannc
843 571 940 650 ipsum
953 579 1086 631 tractms
1100 591 1188 650 quem
1202 568 1259 628 laic
1277 571 1378 630 innuit

263 655 468 756 Pachymerss,
488 658 618 716 referens
632 657 664 714 in
680 656 803 716 solemni
818 655 939 735 liturgia
954 664 1039 731 tunc,
1063 665 1186 736 propte
1200 665 1379 734 expunctus

263 761 280 800 c
303 743 393 802 sacris
416 741 572 822 diptychis·
584 740 820 802 Alexandrinum
833 741 1051 802 Antiochenam
1069 751 1100 800 et
1117 742 1379 819 Hierosolymita-

262 847 336 888 nnus
363 827 562 930 patriarchas,
595 827 690 887 solum
715 847 755 886 ex
785 827 985 888 ecclesiasticis
1006 827 1380 924 constantinopolitanum

262 913 457 974 Athanasium
470 907 629 998 συνάμα
601 937 642 974 τοι
632 915 887 992 προσκομίξονιι
898 934 962 971 uno
977 935 1046 972 cum
1060 913 1200 994 offer'me
1209 912 1338 970 tunoe'
1326 933 1381 970 sn-
1490 940 1492 961 ε

261 1008 310 1058 ιιι
323 1017 407 1058 sacra
419 1007 608 1073 memoratos,
629 1015 683 1076 per
696 999 1161 1078 npaouopitovsuintelligiteam
1176 1019 1235 1078 qus
1228 997 1380 1055 honam
1490 1050 1492 1053 .

261 1097 289 1142 et
311 1084 465 1142 oblutas'
452 1105 487 1142 sn
504 1043 659 1142 ecclesiam
676 1085 802 1155 intulit,
824 1091 856 1141 et
876 1081 915 1142 ab
941 1103 976 1142 eo
998 1083 1153 1162 distinguit
1177 1081 1382 1140 sacerdotem

261 1169 469 1228 celebrantem.
510 1189 562 1246 ego
578 1187 652 1228 vero
668 1177 699 1226 et
718 1187 814 1228 unum
830 1167 881 1226 liic
894 1167 1039 1248 designari
1059 1189 1113 1249 per
1128 1170 1257 1228 verbum
1270 1185 1384 1247 ιιροο-
1486 1198 1487 1215 ι

155 1261 246 1316 Ρ507
262 1256 422 1334 κομίζοντα
439 1254 621 1314 sacerdotem
641 1253 732 1312 sacris
750 1263 924 1334 operantem
941 1257 1107 1330 contendo,
1128 1262 1159 1313 et
1178 1253 1381 1328 nominatim,

263 1339 343 1419 quod
359 1339 429 1398 hinc
444 1348 561 1398 constet
572 1337 740 1418 nuncupari
760 1339 880 1397 salitum
896 1357 914 1396 a
928 1339 1053 1398 diacono
1064 1361 1133 1397 eum
1148 1342 1204 1418 qul
1220 1357 1323 1416 panes
1338 1358 1382 1397 ex

262 1424 369 1503 quibus
388 1425 510 1483 oblatae
528 1423 673 1484 tierent
657 1447 690 1483 ιιι
711 1426 866 1484 ecclesiam
886 1425 1010 1496 intulit,
1031 1444 1166 1502 pernego.
1208 1423 1380 1500 crincique

261 1519 421 1584 utrumque
436 1509 518 1568 istud
532 1512 603 1569 satis
616 1510 695 1570 clare
708 1518 787 1590 puto
798 1529 837 1570 ex
852 1510 924 1588 ipsis
939 1529 1015 1587 quas
1030 1511 1111 1568 Goar
1123 1509 1251 1611 exponit
1265 1527 1381 1568 same

260 1595 517 1672 liturgisaverbis,
537 1615 643 1700 nempe
658 1596 752 1654 hisce:
778 1589 952 1668 όὸιᾶιοιοι
965 1591 1039 1675 πρὸς
1052 1619 1089 1682 tp
1077 1588 1189 1678 ’θύρᾳ
1198 1591 1275 1666 osric
1288 1592 1378 1675 λέγει

262 1701 317 1744 aaa
304 1681 431 1754 δεῖνος
447 1677 671 1758 παιιιρωιᾶτοιι
686 1682 914 1761 μητροπολιτου,
928 1681 1067 1739 nimirum
1082 1681 1209 1758 episcopi
1201 1679 1378 1738 'eudesius

262 1767 366 1843 inqua
380 1787 495 1827 ssorum
509 1767 726 1845 fiebat,qualia
741 1776 806 1826 erat
821 1765 1073 1844 Constantinopoli
1089 1763 1273 1846 patriarcha.
1294 1783 1377 1823 mox

262 1853 381 1912 subdit:
408 1851 460 1915 aul
480 1851 555 1935 dalp
572 1877 627 1916 ιου
614 1846 947 1932 ’προσκομίζονιοι
911 1874 950 1912 ια
968 1845 1040 1930 ἅγια
1055 1851 1140 1928 dsipu
1154 1853 1255 1911 casita
1276 1843 1377 1912 asila-

260 1930 407 2040 βεστᾶιρυ
419 1878 555 2019 inpingo
533 1961 586 2000 του
574 1939 703 2010 ’δεῖνος
716 1949 743 1994 et
741 1958 813 2036 'pro
825 1936 965 2016 offeram
977 1947 1084 1994 sancta
1096 1932 1275 1992 lacedem
1291 1936 1376 1992 reli-

256 2025 434 2102 giosisss'mo
446 2021 599 2080 sacerdote
616 2025 656 2081 N.
697 2021 764 2100 quis
783 2023 854 2080 satis
868 2021 1026 2080 attendens
1039 2020 1160 2082 unicam
1173 2018 1227 2078 laio
1243 2020 1374 2080 nomine

258 2108 383 2188 proprio
409 2108 506 2188 palens
529 2107 670 2188 appellari
699 2127 761 2166 non
789 2107 890 2166 videat
917 2106 1130 2166 sacrificantem
1153 2105 1372 2164 noerdotem?

258 2211 330 2252 sans
346 2194 371 2252 si
391 2193 596 2272 προσκομιόή,
618 2191 699 2271 quod
722 2193 802 2252 idem
821 2193 851 2256 P.
865 2193 946 2250 Goar
963 2201 1043 2251 recte
1064 2199 1189 2250 annotat
1209 2211 1242 2270 p.
1261 2195 1300 2256 16
1317 2193 1372 2248 sui

257 2277 448 2356 linchologii,
470 2287 514 2336 est
532 2279 647 2336 oblatio
663 2279 817 2356 perfecto,
836 2297 942 2356 nempe
956 2277 1006 2336 illa
1022 2295 1096 2356 qnae
1115 2276 1183 2334 fisa
1205 2275 1372 2334 sacerdote

257 2362 296 2419 ad
315 2381 398 2418 arans
414 2363 540 2420 faciente
560 2363 644 2440 panis
661 2371 691 2420 et
712 2363 777 2421 vini
792 2383 863 2422 mox
879 2362 1085 2437 consecrandi,
1105 2360 1211 2438 quidni
1231 2359 1371 2440 lupos-

255 2445 388 2519 κομίζων
410 2445 436 2503 is
460 2446 576 2504 dicatur
597 2456 627 2504 et
644 2445 826 2522 intelligatur
845 2450 897 2525 qui
918 2468 952 2506 sa
973 2450 1030 2508 rite
1045 2446 1196 2525 tangitur?
1219 2445 1368 2523 equidem
1492 2488 1494 2519 ἰ

255 2528 397 2604 arbitror,
418 2528 443 2588 si
456 2549 524 2588 ιιιιιι
541 2531 591 2608 qui
611 2538 698 2588 antea
713 2550 820 2606 panem
835 2542 866 2590 st
877 2534 991 2606 vinum,
1011 2543 1048 2593 nt
1060 2542 1156 2592 ιιιιιιι
1169 2530 1290 2590 materia
1304 2550 1366 2587 sa-

254 2613 375 2689 crificii,
405 2613 438 2673 in
463 2613 613 2674 ecclesium
632 2614 794 2691 intulerat,
824 2615 977 2695 designare
996 2618 1138 2678 diaconus
1158 2615 1257 2688 vellet,
1286 2633 1358 2672 non

254 2702 496 2781 προσκομιζοιιιι
510 2700 541 2759 in
555 2700 702 2781 praetenti
719 2719 787 2761 eum
800 2712 933 2778 vocaret,
948 2702 1044 2763 sedin
1058 2702 1210 2784 praeterito
1219 2717 1359 2779 προσιο-

254 2788 392 2867 μίσαιια.
413 2786 470 2847 hac
484 2786 557 2846 mihi
572 2806 675 2846 musae
688 2786 858 2846 confidendi
870 2796 950 2864 sunt,
962 2788 1230 2870 interpretationem
1243 2802 1361 2860 meam,

255 2872 310 2931 etsi
322 2882 464 2951 gravetur
479 2874 656 2931 auctoritate
671 2872 822 2932 contraria
834 2872 894 2932 viri
908 2882 973 2932 tam
986 2873 1177 2955 praestantis,
1197 2870 1364 2931 verisnam

255 2977 339 3018 suam
354 2976 448 3035 aequo
460 2967 492 3016 et
503 2959 622 3017 erudito
635 2959 739 3017 lectori
751 2960 957 3037 probaturam.

341 3037 556 3121 προχῶσιις
576 3064 606 3122 p.
618 3048 731 3108 esav.
750 3048 798 3107 11.
840 3046 970 3105 retertur
991 3043 1108 3104 lsocsd
1127 3040 1278 3123 ἔργοιιόν
1300 3034 1363 3101 οἷα-

256 3129 339 3208 dpoia
353 3144 442 3207 opera
457 3127 666 3205 agricolarum,
689 3138 841 3207 congestas
854 3130 1018 3189 videlicet
1009 3129 1127 3189 mareis
1142 3129 1261 3228 lrnges,
1282 3144 1362 3203 quas

255 3212 352 3271 eluvie
365 3212 502 3291 abreptas
517 3222 548 3271 et
560 3213 734 3293 disperditae
748 3214 822 3272 dicit
834 3220 900 3288 ταῖς
909 3208 1077 3296 ιιροχοὶσισι
1088 3234 1159 3272 cum
1172 3214 1252 3290 ipsis
1264 3211 1360 3267 moll-

254 3297 328 3372 hus,
353 3316 460 3378 nempe
480 3300 632 3376 aggeribus
656 3298 876 3377 manipulorum
896 3318 951 3377 pro
978 3300 1048 3357 anni
1073 3305 1247 3376 tempestate
1269 3295 1359 3373 (erat

251 3383 332 3441 enim
346 3390 439 3441 aestas
451 3400 550 3441 mense
566 3384 668 3460 utique
682 3385 851 3462 Augusto)'
842 3405 875 3443 ιιι
891 3387 965 3443 areis
979 3384 1155 3456 extantium,
1175 3401 1249 3460 quas
1261 3398 1359 3458 aquae

252 3475 401 3527 torrentes
427 3466 621 3545 dispergendo
646 3470 843 3547 corruperint
893 3470 1038 3547 elegans
1028 3488 1062 3528 ιιι
1084 3468 1165 3527 hunc
1188 3466 1289 3525 locum
1311 3474 1358 3523 eat

251 3554 380 3633 epitoma
405 3552 515 3610 codicis
536 3552 671 3611 Vaticani
695 3562 759 3614 tam
785 3556 880 3613 multa
901 3554 1133 3633 Paclsyuserisv
1111 3551 1237 3612 verba
1227 3572 1261 3609 ιιι
1280 3550 1357 3609 lsaec

249 3658 344 3717 pauca
363 3636 565 3697 contrahentia
579 3638 729 3717 θημονιαὶ
742 3638 776 3702 dl
790 3640 841 3703 aul
854 3638 966 3712 αλωνες
983 3634 1086 3711 adroic
1097 3643 1227 3718 καρποῖς
1240 3632 1356 3715 κατάρ-

249 3724 327 3799 ρουν
345 3722 496 3804 lplporso.
538 3722 570 3782 iu
592 3722 639 3782 luis
655 3744 716 3783 vox
736 3726 887 3805 &apostol
902 3724 1064 3805 respondet
1079 3719 1262 3803 ιιροχοὶοιοιε
1282 3730 1357 3779 snut

249 3818 349 3867 autern
368 3828 407 3867 ex
424 3806 572 3895 Hesychia
587 3808 737 3887 θημονιαὶ
751 3812 785 3874 ol
801 3814 893 3891 osipus
905 3814 968 3872 ssia
980 3804 1167 3905 δριγμᾶιοιι
1175 3810 1277 3865 acervi
1289 3828 1357 3865 mc-

249 3896 439 3969 m'pulorurn.
473 3880 587 3967 litorea
601 3894 652 3954 hic
665 3914 756 3955 ιιιιιιι
766 3916 824 3977 pro
840 3896 972 3973 frugibus
982 3897 1107 3974 ponitur
1121 3892 1233 3952 ιιιίιιιι
1244 3912 1355 3970 synec-

250 3976 345 4035 doche
359 3980 492 4039 contenti
504 4000 560 4058 pro
579 3980 766 4057 continente,
787 3991 822 4042 ut
836 3981 867 4040 in
880 3982 938 4040 illis
950 3980 1126 4040 Teatttlliani
1139 3978 1217 4039 libro
1231 3977 1272 4035 ad
1283 3981 1357 4037 Sca

248 4060 365 4135 pulani·
387 4066 468 4123 sicut
483 4066 539 4124 sub
552 4066 724 4125 Hilariano
736 4065 880 4145 praeside
896 4088 968 4124 cum
980 4064 1019 4124 de
1029 4069 1111 4124 ιιιιίι
1122 4065 1356 4143 sepulturarum

249 4148 424 4206 nostrarum
437 4152 669 4229 acclamassent,
691 4170 782 4209 areae
795 4174 856 4209 non
865 4154 938 4224 sint,
960 4172 1049 4210 areae
1059 4154 1198 4229 ipsorum
1210 4168 1271 4208 non
1277 4149 1355 4228 sue·

249 4238 338 4283 runt:
361 4251 469 4292 nasses
484 4240 564 4294 enim
581 4258 658 4295 suas
672 4258 734 4295 non
750 4248 886 4318 egerunt
929 4236 1121 4316 expositionis
1135 4253 1206 4312 ergo
1218 4234 1354 4293 clarioris

248 4308 340 4386 gratia
354 4309 457 4393 αὐτοῖς
467 4326 595 4403 καρποῖς
607 4322 752 4384 additum.
794 4342 865 4383 uam
881 4321 1001 4383 solnm'
991 4339 1087 4402 speum
1101 4330 1201 4380 terrae
1211 4314 1272 4385 oda
1285 4316 1355 4396 tot·
