3009 4900
464 361 545 434 Uli·
567 361 609 432 tt
657 361 809 434 norat.
1106 363 1184 440 749

53 539 168 592 taxat
194 537 290 592 tenus
312 547 348 590 aa
367 529 628 611 praesumptione,
650 527 725 592 eitra
742 529 836 592 alteas
854 529 993 610 leg'ninsis
1006 529 1185 605 eeletsntsm

54 617 197 678 ritibus
223 617 469 697 assumptionem,
490 615 582 676 faisse
601 611 743 674 tributam
763 616 936 682 Andronico
953 617 1066 679 iuniori
1079 620 1185 698 eppei-

55 701 233 762 lationem
247 699 451 782 imperstoris,
473 709 504 760 et
517 700 616 760 unior
628 699 821 760 Androniens
835 701 1015 762 demonstrat
1030 704 1113 779 dum,
1133 723 1186 764 re«

60 787 204 846 serente
228 785 435 847 Cantsauseno
456 784 477 844 1.
504 792 518 850 t
546 805 572 846 a.
592 789 630 858 9,
657 784 864 846 Andronicum
885 805 953 847 eum
974 787 1187 867 retentam

62 869 272 950 simpliciter
283 880 372 930 vocet
389 877 421 934 et
437 879 471 928 nt
486 869 653 950 prinoipem
667 871 787 948 agnosai
801 870 953 949 pmhibetg
974 873 1082 954 etipse
1098 873 1187 935 neni

62 955 214 1016 videtur
238 955 427 1016 Andronicus
451 954 567 1026 iunior,
589 955 661 1015 dum
675 955 778 1015 sedem
789 955 867 1014 libra
880 975 907 1015 a.
920 961 962 1022 28
975 958 1052 1038 petit
1068 957 1107 1018 ab
1126 977 1187 1018 evo

67 1040 212 1099 admitti
234 1059 265 1099 se
285 1040 318 1100 in
340 1038 524 1100 consortium
547 1039 665 1120 inaperii
685 1058 755 1098 aum
773 1040 840 1103 iure
853 1043 1061 1102 sueaessiauis.
1088 1052 1187 1109 reete

68 1127 182 1204 igitur
197 1143 268 1184 oum
285 1124 374 1185 simul
382 1133 563 1204 assumptus,
585 1123 675 1183 simul
686 1125 831 1184 inunctas
842 1144 879 1186 so
891 1125 1186 1189 aaronetusAndro-

71 1211 176 1270 nicus
194 1208 300 1270 iunias·
313 1209 385 1287 init,
408 1211 490 1288 quod
503 1218 606 1273 namet
618 1209 840 1270 Cantscuseuus
851 1230 877 1270 a.
890 1211 949 1287 41,
971 1211 1050 1272 souti
1069 1221 1188 1292 partem

75 1294 274 1355 anteriorem
291 1293 356 1376 ipse
378 1311 452 1354 eres
469 1294 622 1374 Augustas
644 1294 744 1356 tenuit
751 1337 762 1370 ,
783 1313 819 1354 sa
842 1306 986 1356 eonsueta
1007 1295 1072 1356 ritas
1087 1297 1190 1376 ipsum

77 1378 223 1441 evehens
235 1379 268 1438 in
281 1378 445 1460 Augustam
458 1377 648 1458 dignitatem,
671 1379 751 1458 quod
766 1381 900 1440 nandans
918 1381 1044 1440 teneret:
1064 1381 1187 1460 quando

79 1474 191 1526 eutem
210 1463 352 1524 inmotus
374 1473 404 1524 et
424 1474 585 1524 aaronitas
600 1463 758 1524 dumtaxat
771 1467 831 1525 ism
850 1475 936 1524 entes
949 1473 1071 1526 enectus
1082 1466 1116 1524 in
1128 1465 1188 1524 im-

79 1551 212 1632 perium
235 1557 354 1629 epatre
371 1549 501 1609 attenuet
520 1559 584 1624 est,
605 1559 724 1608 sautum
746 1549 780 1610 in
800 1568 863 1629 qua
883 1549 1055 1610 elevabatur
1069 1571 1086 1608 s
1101 1559 1189 1630 petre

79 1634 244 1695 subletum
261 1653 325 1694 non
343 1644 402 1708 est,
424 1641 516 1716 prout
536 1632 733 1714 Psahymeres
752 1653 817 1696 rem
830 1655 848 1693 e
861 1655 893 1695 se
906 1635 1001 1696 mem
1016 1635 1186 1694 dmoribeass

80 1717 251 1798 signifieat.
294 1719 332 1782 ds
343 1720 455 1800 eparsis
468 1719 501 1778 in
514 1717 572 1778 lasa
584 1719 739 1779 occasione
753 1719 786 1779 in
800 1720 948 1801 populum
961 1719 1125 1780 nummulis
1137 1722 1187 1779 in·

83 1813 135 1864 trs
148 1803 210 1864 lini
226 1814 376 1884 segmenta
390 1804 504 1882 ligatis,
526 1823 656 1885 quarum
668 1803 719 1864 laia
732 1805 866 1864 meaaiuit
886 1803 1095 1885 Peahymeres,
1115 1803 1187 1870 ride

88 1909 168 1970 quse
180 1889 392 1950 annotavimus
404 1889 437 1949 in
453 1889 604 1948 Gloessrio
619 1889 692 1950 tami
703 1888 813 1970 prioris
825 1890 920 1950 verba
934 1883 1108 1970 inssipma.

176 1993 210 2054 p.
228 1977 288 2038 197
301 1993 331 2036 v.
347 1974 377 2040 A.
418 1974 505 2036 Irene
525 1973 702 2034 marchianis
721 1974 936 2036 Montisfemti
954 1975 989 2035 iu
1007 1973 1182 2034 lombardis
1197 1967 1221 2023 P
1238 1967 1289 2023 5³⁶

89 2057 170 2136 fitis,
188 2058 320 2118 eeouuds
334 2057 445 2118 coniux
461 2057 626 2118 Andronici
640 2059 767 2120 senioris
780 2061 985 2142 imperatoris,
1005 2068 1067 2119 tres
1079 2059 1106 2118 ei
1120 2079 1186 2117 nse·

91 2163 141 2204 res
161 2143 295 2222 peperit,
330 2145 490 2220 loannem,
517 2145 542 2202 T
544 2143 728 2220 heodarum,
759 2146 949 2206 Demetrium
996 2143 1056 2204 hae
1076 2143 1188 2204 diserte

93 2229 183 2286 docet
197 2230 418 2289 Centsousenus
431 2229 611 2308 praefatione
624 2231 660 2288 sd
671 2229 832 2290 Historiam
843 2251 874 2310 p.
887 2233 909 2297 A
920 2230 968 2294 ed.
983 2231 1052 2308 fleg.
1065 2239 1187 2290 mortuo

95 2313 161 2372 aine
186 2311 288 2372 liberis
307 2313 398 2374 iretre
416 2314 516 2374 irenes
535 2312 709 2374 marchione
724 2313 954 2390 Montisierrsti,
976 2333 1046 2374 aum
1059 2314 1099 2373 ed
1116 2333 1187 2373 sue·

96 2395 257 2458 cessionem
271 2397 457 2479 principatus
474 2399 535 2460 eius
550 2399 713 2463 mittendus
728 2410 805 2462 esset
823 2399 931 2481 aliquis
945 2419 984 2460 ex
995 2399 1096 2460 Irenes
1109 2398 1190 2475 filiis,

96 2492 181 2564 pater
202 2484 335 2545 omnium
355 2484 511 2544 minimum
533 2486 715 2545 Demetrium
735 2504 771 2545 eo
793 2486 970 2559 destinavit,
996 2494 1027 2545 et
1047 2485 1191 2565 despotsa

97 2568 185 2629 titulo
210 2568 389 2629 honoretuus
409 2570 441 2628 in
462 2570 696 2649 Langobardium
718 2571 800 2630 mieit
816 2570 855 2629 sd
873 2572 957 2630 ittam
975 2570 1190 2630 haereditatem

99 2653 162 2713 iure
175 2664 308 2713 materne
333 2655 521 2715 cernendam.
562 2658 613 2717 sed
630 2666 724 2715 mater
739 2657 842 2731 Irene,
864 2676 942 2735 quea
959 2662 1034 2715 tuna
1049 2654 1190 2733 procule

99 2740 163 2799 viro
176 2738 402 2799 'l‘hessslaniaae
415 2739 552 2818 degebat,
575 2760 724 2829 quaeque,
748 2750 785 2799 ut
801 2740 997 2819 Psahymeres
1020 2738 1131 2797 aliendi
1143 2737 1191 2796 ti·

101 2822 205 2883 midias
218 2824 348 2900 indicet,
370 2824 465 2885 multo
480 2834 577 2884 sutem
591 2825 723 2883 exertius
739 2825 886 2902 Gregorss
900 2821 1078 2901 profitetur,
1099 2822 1191 2883 ratio·

102 2928 153 2969 nes
163 2907 194 2967 in
206 2908 307 2968 masltis
322 2928 447 2987 sequens
460 2911 595 2988 proprias
610 2906 692 2968 haud
715 2910 843 2968 multans
858 2907 990 2967 obnoxie
1003 2906 1105 2968 mariti
1115 2906 1191 2987 pls-

104 2992 168 3059 eitis
180 3013 243 3052 suse
266 2995 440 3073 subiungere
463 2993 577 3053 sotebet
596 2994 787 3069 noluntates,
817 2994 962 3072 optionem
983 2990 1189 3072 praerogativa

104 3079 203 3138 aetatis
214 3078 369 3138 adultioris
386 3080 423 3138 ad
443 3077 501 3139 hoo
517 3077 709 3139 Theodorum
725 3089 902 3152 autumans,
924 3096 992 3136 eum
1005 3096 1042 3136 ex
1055 3076 1188 3159 propin·

105 3162 197 3243 quieti
220 3172 338 3223 strenue
358 3164 499 3239 mittena,
534 3163 696 3233 adventum
724 3163 865 3223 Demetrii
886 3162 1050 3241 praevenit.
1096 3180 1191 3242 quare

105 3247 319 3309 marchionatus
347 3248 628 3309 Montisterratenais
657 3248 873 3327 poeseeeiauem
898 3246 1074 3307 Theodorus
1101 3246 1187 3322 adiit,

107 3334 222 3411 coniuge
232 3341 354 3413 recepte
369 3334 485 3413 Spinuli
503 3334 666 3397 &naeniis
678 3332 737 3395 viri
749 3332 884 3412 primarii
899 3330 972 3406 fitis,
994 3350 1103 3412 exque
1118 3350 1190 3393 eum

107 3418 212 3497 prolem
228 3418 384 3477 dumtaxat
400 3419 573 3479 femininam
587 3420 765 3499 suscepisset
783 3427 815 3477 et
832 3418 877 3478 sia
900 3416 1101 3479 obtineatis
1121 3438 1190 3477 ma·

109 3502 185 3561 seule
205 3502 321 3579 sobole,
342 3502 630 3565 Mantisserrstenses
648 3504 787 3563 ioannem
801 3504 954 3583 despotasn
967 3504 1144 3563 nominatim
1154 3509 1192 3564 ut

109 3586 327 3666 primogenitum
351 3588 450 3648 irenes
481 3589 513 3649 in
535 3590 702 3669 principem
731 3589 898 3669 petierunt,
933 3589 1193 3668 impetraruntque

110 3672 230 3733 tandem.
273 3672 348 3733 hasa
369 3682 473 3735 narrat
495 3684 597 3734 noster
614 3675 668 3739 1.7
692 3694 718 3733 c.
742 3678 800 3750 18,
827 3674 927 3735 abiet
951 3674 1091 3735 abeemt
1109 3671 1194 3732 huno

111 3754 236 3819 loannem
258 3758 347 3836 plane
369 3777 399 3818 se
419 3758 658 3819 accommodasse
675 3758 715 3829 ad
738 3778 835 3819 mares
858 3758 1004 3819 italarum
1023 3765 1055 3817 et
1074 3766 1192 3835 gratum

113 3840 223 3902 subditis
237 3842 338 3903 inisse.
379 3862 555 3924 propagatae
566 3842 616 3903 hia
630 3842 741 3903 dicitnr
756 3844 877 3923 longam
896 3842 1002 3903 unam
1017 3842 1190 3921 principuus

112 3944 166 3985 nau
176 3926 428 3988 saltiematiaarum
442 3928 548 3989 domus
562 3928 796 4008 Palaeotogiese,
811 3928 845 3989 in
862 3946 934 3988 vers
950 3925 1136 4008 professione
1147 3926 1189 3987 fi·

113 4008 323 4073 deioatholiaae
338 4016 497 4075 Romanae
1205 4038 1209 4047 ·

185 4100 294 4177 1).ssOE
305 4116 336 4159 v.
349 4104 380 4163 7.
423 4102 613 4158 inaoneeeeae
624 4099 803 4176 affinitatis.
844 4104 909 4157 eret
921 4095 978 4158 iata
992 4095 1123 4157 affinitas
1137 4116 1197 4175 qus

116 4178 148 4239 de
160 4182 288 4261 personis
302 4194 388 4243 sexta
401 4183 480 4245 iuter
493 4204 525 4243 ae
536 4184 630 4263 gradu
649 4182 836 4262 cognationis
857 4182 984 4258 iunctis,
1006 4182 1195 4243 matrimonio

116 4267 296 4346 aapalsudis,
317 4268 441 4349 speciali
454 4269 491 4329 ad
505 4268 539 4329 id
552 4269 711 4329 obtinenda
724 4266 926 4349 praelatarum
938 4266 1079 4327 eeclesiae
1092 4267 1194 4342 venis,

116 4352 298 4433 motatum,
326 4362 363 4427 ut
379 4360 485 4423 aanor
504 4354 604 4435 eapite
627 4349 775 4437 superiori
797 4350 971 4427 moluerit,
1018 4352 1117 4433 atqui,
1145 4352 1195 4418 aa
