3009 4900
461 291 589 363 unt
637 291 915 364 ctossffltunt.
1173 295 1247 368 699

122 481 169 520 ac
196 458 385 538 reipublicse
403 457 546 520 cuiusvis.
589 460 692 539 quales
713 460 907 522 collectiones
928 459 1087 522 universae
1109 482 1177 522 cum
1192 483 1247 524 ne-

124 555 259 625 queant
274 545 363 604 simul
377 543 560 605 intervenire
583 546 801 622 conventibus,
832 556 929 606 certos
943 545 1081 607 homines
1096 547 1248 610 destinant

10 665 14 696 r
125 631 193 709 qui
210 632 280 690 loco
296 631 428 710 ipsarum
442 629 550 690 adsint.
591 640 621 692 et
633 629 666 690 lai
685 641 833 692 vocantur
852 631 885 692 in
897 631 1115 692 actiaFlorent.
1136 634 1247 712 synodi

124 713 345 798 τοποτηρηταὶ
358 719 420 776 ertia
432 716 633 795 eocnoorim.
663 715 724 776 hoc
737 717 807 776 loco
824 737 856 776 ea
871 737 933 777 vox
946 715 1067 778 videtur
1080 717 1245 796 significare

10 834 11 864 t
127 811 262 860 certum
280 820 439 860 numerum
459 801 606 860 lectorum
622 801 771 880 suffragiis
793 803 902 882 populi
916 801 1171 879 consiliariorum,
1193 805 1245 884 qui

10 932 15 950 .
126 885 330 968 praescripto
345 887 442 965 spatio
456 886 602 966 temporis
613 907 750 967 praecoce
762 887 900 966 regimini
914 887 1095 967 reipublicae
1110 889 1244 950 debeam.

10 1006 11 1037 ;
130 972 184 1029 ait
197 973 278 1031 enim
289 979 393 1031 noster
404 971 611 1032 Andronicum
625 971 773 1033 offensum
789 973 994 1033 Gennanaibus
1011 973 1091 1051 quod
1102 973 1125 1033 ii
1136 994 1243 1053 quem-

9 1091 14 1128 2
130 1055 212 1116 dam
228 1057 305 1115 male
321 1057 510 1116 multandum
529 1067 701 1133 curassent,
722 1057 886 1118 exclusisse
900 1058 983 1138 ipsos
1001 1057 1091 1133 urbe,
1112 1060 1244 1120 versari-

10 1179 13 1212 τ
131 1161 202 1221 que
222 1141 346 1201 solitum
364 1142 396 1200 in
417 1141 481 1202 sius
508 1142 652 1203 comitatu
671 1142 800 1222 legatum
816 1143 964 1222 quendam
977 1152 1028 1204 aut
1040 1143 1244 1220 magistratum

10 1267 11 1299 .
133 1247 248 1287 eorum
262 1247 279 1284 a
297 1237 465 1307 conspectu
482 1229 644 1305 movisse,
672 1227 710 1286 de
726 1229 806 1288 fecto
821 1238 920 1288 tamen
935 1228 1002 1310 ipso
1017 1230 1150 1290 nondum
1162 1230 1244 1290 iudi·

10 1351 13 1360 »
135 1312 242 1372 cando
262 1321 317 1370 ant
341 1311 472 1372 iudicari
485 1332 540 1394 per
561 1313 733 1373 Gennenses
754 1313 950 1393 postulando,
982 1313 1064 1394 quod
1082 1314 1145 1376 eiua
1160 1315 1243 1375 iudi·

136 1399 225 1458 cium
248 1408 416 1458 reservaret
432 1419 511 1458 noro
532 1401 720 1474 communio,
741 1397 802 1458 hoc
817 1407 862 1459 ast
877 1397 1003 1476 collegio
1013 1399 1244 1477 magistratuum

135 1483 259 1544 delecto
274 1482 314 1542 ad
326 1483 480 1562 regiminis
492 1483 789 1544 administrationem.
815 1483 985 1545 istiusmodi
1003 1485 1114 1564 quippe
1128 1505 1244 1547 norunt

135 1568 307 1628 concilium
331 1576 381 1628 snt
402 1568 560 1648 collegium
584 1571 802 1651 praefectorum
820 1569 958 1648 regimini
980 1568 1040 1630 ism
1060 1569 1245 1648 designatum

135 1673 216 1714 mox
230 1653 378 1713 initurum
393 1653 610 1734 possessionem
623 1655 847 1732 gubernationis
864 1673 966 1714 rerum
988 1654 1133 1714 audiebat.

226 1735 465 1819 κτητορικὸν
485 1739 643 1803 δίκαιον
667 1762 697 1821 p.
710 1743 770 1805 193
785 1759 814 1802 r.
831 1739 861 1803 l.
904 1739 965 1817 egit
978 1739 1015 1799 ds
1031 1759 1157 1819 corpora
1173 1761 1245 1820 pro.

138 1822 309 1884 tevestiarii
331 1823 593 1906 Comtsntinopoli
615 1825 742 1902 mortui,
770 1823 850 1906 quod
866 1824 910 1884 ait
928 1833 1080 1904 portatum
1093 1825 1243 1903 Nicaeam,

142 1907 281 1988 quisine
298 1907 527 1990 ibieepultnrse
553 1909 580 1970 is
599 1909 723 1971 baberet
741 1909 836 1970 donli
857 1909 970 1969 ratione
985 1919 1121 1990 partum,
1144 1929 1243 1970 uxore

140 1995 239 2074 ipsius
257 2002 449 2074 patronatum
477 1996 510 2055 in
532 1995 565 2055 id
585 1997 799 2056 monasterium
817 1994 988 2070 obtinente,
1014 1993 1098 2075 quod
1116 1994 1243 2056 maiores

141 2079 261 2138 scilicet
278 2078 342 2140 eius
356 2089 408 2140 sut
420 2082 485 2160 ipss
497 2089 597 2140 totum
610 2081 659 2140 vel
672 2102 711 2141 ex
725 2090 810 2160 parte
820 2080 1003 2142 fundassent.
1046 2079 1105 2140 hoc
1120 2079 1242 2140 videtur

140 2163 195 2224 bic
207 2163 270 2226 dici
278 2161 452 2246 mapsam*
471 2167 591 2229 dicatos
611 2159 672 2231 siud
686 2171 741 2247 esic
756 2161 896 2248 συζύγου.
936 2159 1078 2247 κτήτορες
1092 2163 1242 2245 Hesychia

142 2257 216 2310 sunt
235 2251 349 2312 armni
367 2248 551 2328 conditos-ee,
573 2271 642 2326 sen,
671 2261 708 2311 ut
728 2251 820 2328 vulgo
846 2250 1014 2330 loquimur,
1035 2248 1244 2330 fundetureeg

143 2335 227 2394 unde
239 2335 302 2411 ius,
325 2336 404 2413 quod
417 2356 455 2396 ex
467 2333 595 2396 conditu
608 2335 674 2397 sire
682 2333 874 2414 fundatione
892 2335 1101 2396 fundatoribus
1117 2355 1242 2416 comper

143 2420 199 2497 tit,
220 2426 302 2481 recte
313 2419 490 2503 armogastis
504 2422 702 2509 dianeosgdici
722 2421 832 2503 potuit
876 2439 965 2501 saepe
978 2429 1078 2481 autam
1095 2421 1244 2483 ecclesis-

142 2507 218 2565 atico
232 2526 291 2566 usn
303 2507 383 2566 inter
397 2508 455 2566 alia
466 2506 625 2567 honoraris
633 2554 643 2584 ,
661 2528 739 2589 quse
755 2507 966 2568 fundatoribus
981 2506 1125 2567 ecclesiae
1136 2527 1244 2567 mons-

143 2591 226 2651 sterii
243 2600 296 2651 sut
312 2592 391 2652 sacri
414 2593 549 2657 cuiusvis
564 2594 629 2653 loci
655 2602 850 2676 competunt,
878 2602 923 2653 eat
944 2593 993 2652 ius
1016 2594 1188 2673 sepulturae
1210 2592 1244 2651 in

142 2677 180 2737 iia
197 2678 282 2739 locis.

224 2757 345 2835 λεπάς
372 2781 403 2842 p.
423 2760 465 2827 63
489 2781 520 2822 v.
543 2760 594 2825 14.
642 2760 702 2821 boc
733 2760 926 2841 proverbium
949 2769 1031 2818 tomo
1053 2756 1149 2838 priori
1170 2778 1187 2815 n
1212 2775 1244 2817 so

144 2856 330 2927 usurpatum,
349 2855 381 2905 et
394 2846 488 2905 illics
505 2844 593 2905 nobie
610 2845 797 2907 declaratum
809 2846 841 2902 in
857 2843 1021 2918 Glossario,
1048 2862 1083 2901 eo
1100 2842 1199 2920 aptius
1214 2850 1246 2901 et

146 2932 305 3009 elegantius
319 2930 371 2991 bic
391 2930 513 2992 adhibet
527 2931 740 3011 Pscbymerea,
769 2928 850 3010 quod
867 2928 948 2987 istud
966 2928 1122 2987 Prodromi
1137 2947 1244 2986 mona-

146 3018 279 3092 sterium,
296 3037 313 3073 s
330 3037 436 3095 quoae
452 3016 557 3076 divelli
569 3036 654 3094 segre
667 3015 782 3078 sinebat
798 3013 977 3075 Theodorus
990 3013 1165 3094 Cyzicenus,
1182 3014 1243 3073 for·
1261 3023 1284 3078 Ρ
1301 3024 1352 3079 493

146 3102 216 3161 titer
234 3102 382 3162 abducere
398 3101 577 3161 conantibus
596 3102 771 3175 obluctans,
802 3100 905 3159 Petrae
927 3119 1091 3177 cognomen
1109 3098 1245 3159 babebat.

146 3186 223 3245 idem
245 3186 339 3261 enim,
366 3196 403 3247 ut
422 3188 562 3264 videtur,
584 3195 630 3247 eet
650 3207 718 3247 cnm
732 3185 786 3245 illo
801 3186 882 3263 quod
898 3184 1038 3265 superius
1051 3205 1082 3263 p.
1096 3183 1137 3247 44
1149 3203 1179 3243 V.
1195 3182 1244 3247 15.

146 3268 222 3353 goari
236 3276 293 3335 τοῦ
308 3269 489 3355 Προόρὸμου
501 3276 555 3354 τῆς
570 3270 696 3356 Πέτρας,
716 3272 935 3331 monasterium
947 3267 1114 3329 Prodromi
1123 3272 1242 3347 Petrae,

146 3376 162 3415 a
203 3358 319 3416 ellatur.
1187 3394 1192 3405 .

162 3378 201 3439 pp
226 3442 360 3515 etam
380 3462 413 3521 p-
430 3444 469 3507 19
482 3462 513 3501 ν.
529 3446 578 3506 13.
620 3442 738 3518 λίκνος,
761 3441 851 3519 vulgo
866 3460 954 3517 cuns,
978 3439 1099 3501 videtur
1112 3437 1163 3499 bic
1179 3436 1241 3499 dici

148 3546 235 3605 genus
246 3527 370 3586 lecticae
384 3534 436 3585 aut
448 3527 563 3601 ferculi,
577 3546 638 3605 quo
652 3534 819 3605 gestaretur
829 3546 919 3586 senex
935 3526 1118 3607 decrepitus,
1133 3541 1241 3602 nempe

146 3614 362 3691 geetotorr'uns,
382 3630 446 3671 vox
464 3622 612 3693 usurpata
633 3612 776 3673 Suetonio
796 3612 828 3671 in
844 3610 985 3673 Claudioe
1007 3612 1118 3671 nolitne
1136 3612 1169 3667 in
1184 3629 1240 3687 ge-

145 3700 269 3756 statorio
284 3695 396 3760 laedere.

226 3776 418 3862 Αηναιύν
437 3803 469 3863 p.
483 3786 685 3861 eoeneaqq.
727 3774 832 3845 τοῦδ’
848 3775 944 3845 αὐτοῦ
957 3774 1240 3856 ἔτους-Ἑκατομ-

147 3868 259 3949 βὰιῶνα
271 3865 398 3949 λέγουσι.
441 3868 564 3927 etinirs

307 3954 389 4031 μῆνα
411 3948 445 4014 dl
464 3951 595 4033 Anauni
613 3946 718 4035 κράτη
740 3946 827 4033 βάσις
849 3950 951 4013 ἵστατο
973 3942 1082 4031 μήνης.

149 4034 235 4096 babes
249 4034 281 4093 in
292 4034 342 4097 lris
355 4036 570 4117 Pacbymesem
582 4046 718 4097 secutum
735 4036 945 4097 auctoritatem
959 4034 1157 4113 interpretum
1173 4030 1241 4092 lle-

149 4120 237 4195 siodi,
258 4121 332 4181 dum
345 4142 467 4183 carmen
481 4123 562 4204 apud
577 4123 659 4202 ipsos
680 4131 839 4202 pangeret,
856 4119 1024 4180 ianuarium
1038 4138 1160 4178 vocasse
1171 4123 1241 4197 Λη-

148 4206 260 4268 ναιῶνα
276 4208 360 4286 qussi
375 4207 419 4267 sic
432 4208 486 4267 ille
499 4207 608 4267 mensis
622 4209 667 4269 ab·
678 4205 912 4267 Atheniensibus
925 4205 1148 4280 nominaretur,
1173 4222 1242 4261 cum

149 4310 179 4351 ra
193 4310 264 4352 vera
283 4293 372 4353 iuxta
392 4294 591 4371 exactiorem,
612 4303 648 4355 ut
660 4300 765 4376 putat,
787 4291 964 4353 sententiam
980 4292 1181 4351 Romanorum
1194 4288 1243 4348 ls-
