3009 4900
487 305 567 378 tra.
585 304 627 376 n.
678 279 853 376 nonin·
987 293 997 309 ‘
1130 307 1206 382 roe

80 471 209 550 sillam,
232 479 286 534 sut
298 470 347 532 rel
359 469 431 551 fingi
444 471 598 551 potuisset
618 491 658 534 en
671 473 750 534 enini
761 471 879 536 silentio
895 473 937 536 sd
947 483 1066 556 ίετοροο
1079 475 1205 556 quibus-

81 559 169 618 dam
185 560 269 618 inter
282 575 313 616 se
325 557 573 618 contendentibus
588 557 746 620 iudicando
761 559 916 622 damnarit
927 559 1041 640 aliquid
1057 571 1138 622 recte
1155 585 1221 624 aar

17 667 18 674 ν
81 653 233 719 κηποι,
261 650 315 701 aut
333 662 427 722 prave
453 642 567 703 dietum
590 645 671 706 aliud
693 645 844 707 sancivit?
870 645 946 706 nihil
966 647 1077 712 minua.
1121 649 1206 721 ¹sileri

17 737 19 764 =
82 729 212 808 quippe
227 727 264 786 de
276 746 311 786 rs
326 729 415 788 etiam
433 748 506 788 vera
524 727 589 788 ‘sine
608 729 671 790 ullo
694 731 831 792 veritatis
843 731 1025 812 praeiudicio
1040 740 1155 813 poteat3
1175 743 1206 794 st

17 831 19 852 ν
81 813 256 874 interdum
273 824 398 892 proptor
413 831 570 874 commune
584 814 698 876 bouum
715 815 847 896 expedit.
888 816 977 896 plura
991 817 1030 877 de
1044 818 1205 878 celeberri-

17 929 21 940 ·
83 919 144 958 ma
160 901 402 958 controversias
420 898 494 978 vitis
512 899 687 960 doctissimis
703 899 851 982 hodieque
866 902 1061 964 eruditissime
1075 911 1206 964 metm

17 989 20 1022 ²
86 983 157 1046 dici
173 1004 193 1042 ss
207 1001 254 1044 me
269 1003 330 1044 non
344 984 477 1065 postulat
491 981 541 1044 hic
553 984 647 1050 locus·

183 1129 215 1190 p.
231 1107 295 1177 469
310 1129 339 1172 v.
357 1116 407 1176 11.
447 1115 510 1174 τοῖν
525 1104 746 1193 demulsimus.
787 1109 839 1172 bio
849 1130 951 1174 errore
961 1112 1077 1176 bbrsrii
1089 1117 1203 1180 docri-

86 1193 196 1276 ptoris
214 1196 330 1273 negatio
342 1195 502 1272 exciderat,
523 1197 846 1276 quaesentontisolare
857 1198 1007 1277 llagitssne
1018 1201 1203 1265 restituenda

17 1271 19 1344 Ῐ
89 1282 166 1357 luit,
191 1274 329 1342 crisante
341 1275 552 1362 ἀνεπιλήπτων
567 1282 707 1362 reposito.
749 1292 837 1343 sonat
849 1285 930 1344 enim
943 1279 1152 1368 ἆνεπλληπτος,
1166 1301 1202 1349 ut

91 1375 184 1444 patet
197 1374 227 1426 et
241 1365 408 1445 Hesychius
423 1367 561 1426 distincte
575 1367 723 1442 admouet,
736 1364 890 1447 ἄμεμπτος
904 1364 1141 1453 οἷκοτᾶγνοοτος,
1155 1380 1202 1432 ir-

91 1451 344 1530 reprehensibilis
355 1473 408 1510 nee
420 1453 578 1532 reprobari
592 1451 716 1532 dignus.
758 1455 843 1514 unus
857 1457 1039 1518 monadum
1053 1457 1092 1517 de
1103 1477 1204 1520 ascer-

93 1536 185 1596 dotio
196 1535 336 1596 'ecclesiae
349 1538 510 1614 praesentis
525 1539 687 1614 Δττετιίοοί,
707 1546 743 1598 ut
756 1548 788 1598 st
798 1538 859 1598 hoc
871 1540 939 1600 looo
955 1550 987 1601 et
998 1543 1070 1602 alibi
1082 1543 1202 1622 Pachy-

91 1640 194 1682 meres
210 1620 314 1697 docet,
336 1622 540 1701 affirmabant,
561 1631 723 1684 nannents·
736 1623 876 1685 videlicet
889 1625 1011 1688 dubim
1029 1629 1154 1704 saltem,
1175 1631 1202 1689 si

92 1727 160 1766 non
171 1709 326 1768 manifeste
338 1707 511 1786 invalidam,
533 1708 752 1768 ordinationem
770 1728 875 1770 eorum
894 1729 955 1770 esse
972 1713 1025 1790 qui
1038 1733 1056 1771 s
1069 1716 1202 1793 patriar·

95 1792 155 1852 oba
171 1801 247 1852 tunc
262 1793 620 1874 comunfinopolitsnom
634 1793 785 1854 andaciam
798 1804 918 1874 nogento
936 1797 1027 1858 sacris
1044 1798 1202 1858 initiaren-

95 1887 160 1940 tur.
205 1878 320 1958 scripsit
342 1899 412 1957 ergo
432 1879 495 1938 aine
516 1879 607 1940 dubio
625 1878 836 1959 Pachymerea,
856 1889 948 1960 proin
965 1883 1200 1944 restituimusex

95 1962 176 2024 iusta
193 1965 379 2040 coniectura,
401 1963 435 2027 ἐν
449 1964 531 2046 μέρει
546 1967 645 2030 τίθετε
657 1969 718 2028 τοῖν
732 1960 791 2030 osis
805 1961 1025 2048 ἀνεπιλήπτων.

183 2090 286 2170 p.472
300 2108 331 2150 v.
346 2093 375 2153 3.
406 2086 545 2172 cupidatis
555 2093 648 2156 τοῦτο
659 2087 735 2154 Elaia
746 2113 779 2155 τε
793 2089 885 2172 sindo.
927 2093 1043 2154 suntin
1057 2091 1116 2154 hac
1130 2115 1200 2156 ora-

97 2173 181 2233 tione
191 2175 369 2254 perobscura
381 2183 413 2234 et
428 2169 574 2238 ἀσύνδετα
589 2179 756 2236 inconnexa
769 2177 929 2254 quaedam,
950 2179 1025 2254 nisi,
1046 2181 1129 2259 quod
1150 2182 1200 2241 in-

98 2259 220 2318 terdum
237 2259 347 2319 lactum
365 2269 411 2319 eat
431 2279 448 2318 a
466 2281 527 2337 me,
549 2259 723 2342 paraphrasi
738 2281 777 2320 ax
795 2263 1036 2324 antecedentibus
1049 2274 1078 2324 et
1095 2286 1201 2326 conse-

98 2343 259 2421 quentibus
273 2345 434 2404 necessaria
449 2346 603 2406 divinante
622 2347 826 2426 suppleantur.
867 2347 900 2408 iu
917 2349 981 2408 iatis
997 2351 1201 2428 perintricstis

98 2429 182 2537 locps
197 2427 248 2489 hic
267 2429 344 2508 suit,
365 2429 396 2489 in
414 2431 479 2491 cod.
496 2431 593 2533 llllat.¹
604 2431 646 2493 sic
658 2434 803 2513 scriptus:
823 2430 962 2533 παρτδολν
980 2439 1076 2498 ταῦτα
1096 2433 1201 2536 ἕλομαί

98 2538 244 2661 :illia
273 2514 541 2680 illeille
554 2516 664 2687 ibt·
677 2518 1200 2669 n22t2¹tltlbn⁰fflll

179 2749 209 2809 p·
221 2728 285 2794 477
301 2747 333 2793 ν.
347 2731 377 2793 8.
398 2718 461 2791 ἄλλ’
474 2722 599 2812 ἆτριτοῦ
609 2722 662 2795 nal.
695 2730 737 2791 sic
753 2730 916 2791 necessario
932 2732 1063 2810 reposui,
1083 2752 1152 2793 cum
1166 2734 1200 2794 in

101 2812 186 2873 codd.
200 2821 341 2892 corrupte
358 2814 505 2893 legeretur
526 2809 601 2879 ἄλλο’
618 2820 724 2895 κριτοῦ
739 2807 791 2880 αὖ.
832 2824 1040 2894 praeterquam
1056 2818 1135 2877 enirn
1147 2818 1200 2877 in-

101 2898 176 2957 sulsa
189 2907 263 2957 esset
275 2900 328 2957 ills
343 2900 468 2959 nominis
482 2905 586 2979 κριτοῦ
604 2898 688 2977 quasi
702 2900 877 2959 continuata
894 2900 1051 2981 repetitio,
1071 2903 1200 2963 manile-

101 2992 145 3042 ste
158 2984 213 3041 loci
232 2984 375 3043 sententia
389 2986 494 3062 exigit,
515 2994 552 3045 ut
569 2985 721 3062 sequentia
739 2984 909 3059 declarant,
929 2986 1093 3064 significare
1106 2988 1199 3049 drae-

101 3068 201 3127 uianos
214 3088 287 3147 opus
299 3088 359 3127 esse
373 3070 412 3129 ad
426 3070 602 3131 decisionem
615 3069 836 3129 controversiae
848 3090 918 3129 suae
934 3072 1033 3133 iudice
1047 3094 1199 3158 supremo,

102 3153 213 3229 qualem
227 3163 336 3215 vocant
350 3151 455 3236 κριτήν
468 3152 607 3236 ἄκριτον,
627 3154 756 3215 iudicem
772 3155 882 3215 iudicio
894 3157 1051 3220 subeundo
1065 3176 1128 3219 non
1141 3160 1198 3219 ob-
1213 3170 1236 3226 P
1252 3170 1304 3227 664

101 3238 229 3314 noxium,
251 3258 289 3299 ex
300 3239 385 3299 ouius
401 3241 548 3299 sententia
561 3241 720 3319 provocari
731 3249 869 3318 nequest,
884 3250 991 3321 utpote
1006 3263 1098 3322 supra
1110 3264 1199 3322 quem

103 3323 171 3383 aliua
184 3344 244 3385 non
261 3324 345 3384 sitin
358 3328 447 3385 terris
463 3326 573 3402 iudex;
594 3334 624 3385 et
643 3326 733 3385 taleni
747 3327 822 3385 istos
841 3326 1012 3387 adulatores
1027 3327 1196 3390 sohiamsti-

103 3429 149 3467 cos
163 3429 317 3488 agnoscere
326 3409 434 3471 laicum
448 3410 672 3491 imperatorem,
692 3412 725 3471 in
741 3411 836 3471 causis
849 3412 938 3471 etiarn
950 3414 1151 3476 ecclesiasticis
1164 3422 1197 3477 et

102 3495 310 3573 spiritualibus,
331 3516 394 3555 non
409 3498 512 3576 pudet.
555 3495 607 3556 sed
620 3496 727 3557 similet
739 3496 853 3568 habeut
864 3498 948 3558 labra
961 3499 1101 3562 tactum

177 3640 205 3701 p.
221 3622 284 3688 482
302 3640 333 3680 v.
349 3626 376 3687 1.
399 3616 715 3705 mauriennense.
750 3621 834 3683 locus
850 3622 901 3683 hic
913 3622 1087 3705 indigitetur
1101 3646 1119 3687 s
1134 3626 1194 3687 Pa-

102 3702 232 3785 chymera
248 3714 332 3766 extet
349 3708 430 3787 apud
447 3708 599 3768 Platonem
620 3708 639 3768 l.
656 3714 673 3774 1
690 3707 726 3767 de
739 3708 878 3787 Legibus,
899 3729 928 3789 p.
942 3716 1005 3776 630
1021 3713 1067 3776 ed.
1081 3712 1194 3792 steph,

102 3790 149 3851 nbi
162 3792 201 3851 sic
213 3792 334 3870 legitur:
357 3790 514 3873 διαβάντες
526 3790 621 3857 dissui
638 3788 804 3876 μαχόμενοι
817 3793 972 3871 ἐθέλοντες
985 3790 1196 3877 ἇποθνήστετν

102 3874 132 3938 ἓν
142 3882 181 3938 roi
193 3876 311 3961 πολέμῳ
326 3874 446 3959 (φράζει
464 3878 623 3961 Τυρταῖος)
643 3882 704 3941 τοῖν
719 3872 920 3959 μισθοφόρων
933 3880 992 3943 eloi
1006 3876 1192 3961 πάμπολλοι·

104 3952 143 4021 oie
155 3940 185 4023 it
194 3966 325 4024 salsiores
338 3964 473 4044 yloovron
487 3970 613 4046 θρασεῖς
628 3962 681 4025 καλ
695 3960 797 4027 d'dsssos
808 3960 860 4025 aul
875 3963 1016 4071 sippsnrul
1029 3966 1083 4029 sul
1097 3959 1193 4049 α’φρο-

102 4044 225 4109 νὲοτοτοε
238 4044 343 4126 σχεδόν
356 4044 510 4128 ἁπάντων,
525 4044 611 4124 ἐντός
626 4046 666 4128 δή
683 4054 775 4112 ττνοίν
789 4044 871 4131 μάλα
884 4052 1000 4132 ολλμων.
1042 4050 1124 4131 quod
1135 4052 1194 4112 ad·

103 4130 143 4189 dit
160 4152 228 4191 mox
244 4142 345 4193 noster
366 4154 404 4193 ex
417 4135 538 4195 Platone
560 4134 598 4194 da
617 4135 681 4195 cive
697 4136 777 4194 inter
797 4132 955 4193 seditiones
971 4134 1050 4212 fido,
1070 4136 1131 4197 hoc
1148 4147 1195 4199 ost

101 4234 150 4294 pro
163 4216 310 4297 republica
334 4219 454 4279 sortiter
474 4228 572 4279 stante
592 4228 622 4279 et
642 4238 705 4279 eam
721 4239 776 4279 sus
791 4218 905 4278 virtute
927 4238 962 4279 sc
982 4222 1125 4303 sapientis
1143 4225 1196 4285 iu·

101 4310 190 4378 vante,
206 4302 309 4363 videre
325 4312 374 4379 ‚est
389 4304 421 4364 in
440 4304 540 4365 verbis
556 4323 632 4385 quse
644 4298 765 4387 ἐμέτοις
776 4303 961 4385 praecedunt
975 4306 1066 4370 modo
1081 4308 1196 4372 descri-

139 4392 265 4463 lleorgs‘us
285 4395 457 4465 Pandantes-ss
478 4398 519 4453 ll.
945 4390 988 4458 49
