3009 4900
282 287 355 362 714
579 284 818 385 oesenrrr.
843 283 1080 352 rrenrnan.

280 455 360 518 viam
373 453 496 516 liberam
507 471 628 515 eerrare
641 453 682 514 ad
700 471 864 532 repreaauru
878 451 1018 524 euadeat,
1039 469 1113 531 epm
1125 447 1221 510 luerit
1237 447 1373 508 solida
1385 445 1426 506 il-

278 542 344 602 lum
365 540 443 599 mole
464 549 653 599 consternere
673 558 763 617 quem
780 536 1010 622 uevroyipvpuv
1027 537 1124 616 potine
1137 555 1231 612 quam
1255 531 1430 618 γέφυρα

279 623 374 711 (quae
389 625 429 685 ait
449 629 711 705 exeenaporanenm
735 623 901 704 quidpiam)
920 625 1021 684 vocari
1037 622 1094 698 ait,
1115 619 1274 680 inchoare
1303 629 1350 678 et
1372 639 1430 697 ap-

274 720 413 793 paratum
430 711 528 791 operia
546 720 577 770 et
597 731 673 790 opua
685 711 783 792 ipeum
802 730 820 768 a
840 709 907 789 ripa
922 727 1011 788 quam
1032 707 1193 786 imperator
1208 725 1300 765 eum
1324 723 1431 764 exer·
1481 784 1482 788 Ἰ

274 797 339 858 ritu
357 795 488 873 obtinet,
508 815 571 856 uon
585 805 685 856 autam
708 795 746 855 ab
762 795 898 858 adverae.
940 813 996 853 nee
1009 811 1129 852 movere
1142 811 1354 870 quenquam
1373 789 1432 847 de-

220 951 227 964 ·
274 884 327 942 bet
343 882 487 942 adreraue
505 879 580 940 haee
596 881 677 960 quod
695 883 787 960 ponti
801 899 910 940 nomen
931 879 1007 940 male
1020 877 1208 952 fluminibua‚
1230 869 1341 954 quum
1362 875 1434 934 aula
1482 870 1483 914 l

275 969 340 1030 iere
365 975 472 1046 pontee
496 968 669 1046 patiuntur,
696 967 866 1048 eonvenire·
884 965 1032 1025 videatur.
1078 983 1148 1022 nam
1173 971 1434 1042 praeterquam

277 1052 361 1133 quod
379 1060 450 1112 aunt
469 1050 590 1131 quidam
606 1052 707 1127 flavii,
727 1061 765 1111 ut
786 1051 823 1111 de
842 1051 934 1111 modo
952 1057 1114 1108 memorato
1131 1047 1261 1126 Sangari
1279 1047 1433 1106 Proco-

279 1141 349 1220 pina
365 1137 514 1215 loquitur,
535 1131 734 1219 edpuvdpeaoe
751 1130 894 1220 daldorp
916 1135 984 1208 iun,
1006 1134 1173 1192 latitudine
1189 1135 1376 1210 aequorei
1394 1151 1436 1188 ae

280 1232 376 1304 ponto
393 1222 516 1301 eimilea‚
537 1225 624 1282 etiam
645 1242 684 1280 ex
700 1221 815 1300 origine
831 1221 868 1281 ab
887 1221 1025 1280 omnibue
1044 1220 1207 1296 quibusque
1230 1217 1434 1276 latior-ilaue

281 1306 469 1387 designandis
485 1327 548 1367 non
563 1307 686 1366 videtur
702 1305 864 1367 abhorrere
880 1300 996 1370 πόντου
1011 1304 1206 1376 vocabulum,
1229 1302 1430 1381 eiquidem‚

281 1403 318 1452 ut
329 1391 503 1452 Eueletleiua
516 1392 657 1452 admonet
675 1393 713 1452 ad
728 1393 811 1452 Iliad.
826 1393 860 1468 d,
882 1385 993 1465 πόντος
1004 1389 1115 1471 λέγεται
1131 1387 1172 1462 ὥς
1184 1381 1239 1448 olai
1253 1411 1314 1459 τις
1331 1381 1429 1448 πνὸ-

281 1500 348 1553 roc,
369 1477 404 1539 ix
424 1481 480 1540 roei
499 1483 724 1542 καταπνεῖσθαι
746 1473 879 1556 deripere·
921 1497 939 1534 a
962 1475 1054 1536 verbo
1075 1473 1156 1537 πνέω
1171 1474 1258 1552 epiro
1281 1472 1425 1532 deduu'

282 1556 395 1626 nivere
415 1582 522 1622 nomen
542 1563 600 1639 ait,
621 1563 703 1642 quod
722 1581 812 1642 aupra
827 1581 937 1641 aequor
953 1581 1027 1621 aura
1042 1560 1143 1640 epiret.
1184 1557 1218 1617 id
1239 1567 1364 1617 autem
1384 1565 1424 1614 et

283 1646 375 1728 paulo
394 1647 544 1728 ampliorie
565 1649 641 1708 alvei
661 1649 796 1708 amnibua
817 1648 977 1707 convenire
995 1645 1060 1723 quia
1080 1664 1143 1704 nou
1160 1642 1270 1702 videti
1299 1661 1418 1720 quam

282 1753 347 1793 uon
361 1735 571 1814 repugnaverit
580 1735 673 1814 etymi
686 1734 765 1793 ratio
778 1753 828 1792 eoa
844 1751 962 1811 quoque
975 1731 1058 1811 ponti
1069 1728 1269 1810 appellatione
1286 1747 1417 1808 napea·-

283 1818 324 1898 gi,
342 1838 403 1896 quo
418 1820 485 1879 iure
497 1840 584 1880 euum
596 1821 777 1880 Garumnam
794 1817 942 1878 Aueouiua
956 1817 988 1876 iu
1003 1815 1122 1876 Mmalla
1133 1834 1328 1895 aequoreum
1343 1833 1416 1892 ap-
1486 1847 1487 1884 q

283 1903 384 1984 pellat
418 1913 523 1982 ¹atque
549 1903 628 1964 bane
647 1903 875 1987 ποντογεφύρας
897 1903 1047 1962 notionem
1073 1903 1159 1978 longe
1186 1899 1409 1979 antiquiorem

283 1987 421 2048 Mauritii
434 1998 465 2047 et
479 1988 667 2070 Pacbymeria
683 1999 781 2051 aetate
798 2009 861 2050 non
877 1987 954 2048 mala
971 1988 1094 2048 seraitae
1106 1986 1174 2064 quia
1186 1985 1408 2044 autumaverit

284 2091 325 2133 ex
340 2074 543 2152 antiquiaaimo
562 2075 643 2156 apud
656 2076 777 2136 Latinos
798 2095 856 2135 usu
873 2074 957 2136 vecie
971 2095 1052 2154 pone
1072 2091 1128 2153 pro
1148 2067 1287 2153 pipupn3
1310 2087 1401 2146 quae

282 2179 348 2219 vox
366 2159 468 2219 videri
489 2170 590 2239 poteat
612 2181 651 2220 ex
672 2161 884 2243 uomoyipopn
907 2159 1043 2220 deducta.
1090 2156 1165 2216 haee
1186 2175 1266 2234 qnae
1281 2153 1402 2214 timida

282 2244 450 2322 auepioiona
470 2247 601 2325 protuli,
622 2247 781 2307 audentiue
799 2245 1009 2326 amplecterer,
1030 2244 1052 2302 ai
1071 2241 1164 2320 (quod
1187 2260 1244 2300 nee
1263 2239 1400 2319 eontigit

282 2347 340 2387 nee
350 2330 452 2406 apere)
470 2339 579 2389 naetua
592 2350 683 2390 neem
696 2331 806 2392 idonea
820 2331 990 2392 teatimonia
1007 2336 1163 2388 auctorum
1176 2326 1309 2385 Graeeae
1326 2325 1398 2384 liu-

280 2429 357 2491 guae
373 2419 528 2487 veterum,
548 2433 587 2473 ex
604 2416 713 2491 quibua
733 2425 887 2476 renataret
907 2417 967 2475 ianr
988 2424 1069 2490 tum,
1090 2421 1247 2490 autequam
1259 2411 1395 2471 Latinam

280 2496 540 2555 aermoaGraeeie
551 2508 628 2557 eaaet
639 2500 802 2579 originibus
813 2500 989 2579 productue,
1011 2492 1391 2580 umorepipegvocebu-
1487 2481 1488 2563 l

280 2580 390 2641 lumin
401 2600 460 2642 usu
472 2580 612 2643 Graeciae
625 2584 729 2659 iuiaee,
749 2595 787 2645 ut
801 2604 839 2643 ex
851 2604 887 2643 ao
903 2584 995 2645 dueta
1008 2585 1168 2645 existimari
1179 2588 1274 2661 poaaet
1284 2588 1386 2639 vetu-
1413 2586 1415 2592 '
1487 2604 1488 2695 p

281 2666 407 2725 etieeima
419 2666 452 2726 in
467 2667 551 2729 Letio
563 2689 626 2730 vox
640 2674 754 2749 ponth.
796 2670 916 2731 interim
935 2670 1027 2749 igitur
1042 2668 1205 2749 vulgaribne
1216 2662 1383 2724 inbaerena
1487 2708 1488 2715 κ

279 2752 455 2830 veriloquii·
468 2754 688 2815 autumantium
701 2778 782 2833 pone
800 2754 1006 2833 dietermqueei
1020 2776 1098 2835 peno
1111 2750 1281 2833 compendio
1290 2749 1386 2809 verbi

276 2834 427 2917 pardem,
446 2838 529 2916 quod
549 2841 647 2921 apetie
666 2842 773 2902 eubtue
786 2862 883 2903 vacuo
897 2860 1024 2921 euperna
1045 2838 1225 2919 impendeat,
1245 2834 1388 2897 exiatimo

281 2941 388 2981 vocem
400 2924 612 3007 aonoyioupu
622 2927 743 2987 Graeu'a
755 2936 874 2987 tantum
887 2928 953 2987 aevi
966 2926 1109 2986 citeriorie
1119 2933 1304 3003 neumaiam,
1316 2922 1389 2999 qui·

283 3006 341 3067 bue
355 3006 485 3067 eolemue
500 3010 559 3069 fuit
577 3012 719 3090 pleraque
729 3014 849 3073 tritiora
865 3032 924 3071 uau
934 3012 1060 3073 Romani
1075 3010 1150 3069 Latii
1163 3008 1311 3069 voeabula
1325 3006 1389 3067 auia

282 3092 450 3172 exprimere
462 3092 568 3172 bieria,
587 3098 798 3176 eoriptionibue
811 3098 950 3158 ineerere.
992 3096 1075 3157 cuiue
1087 3093 1312 3155 eoneuetudinia
1325 3112 1388 3151 non

282 3196 379 3259 panea
390 3179 424 3238 in
434 3177 495 3239 hoe
510 3181 576 3261 ipae
589 3184 734 3263 aeriptore
744 3191 848 3242 noetro
858 3182 992 3261 exempla
1004 3182 1141 3257 vidimue,
1160 3177 1307 3257 loquendi
1318 3198 1388 3237 mo-

281 3282 359 3337 rem,
379 3264 433 3340 qui
442 3274 517 3325 tune
533 3277 607 3343 erat,
627 3276 872 3349 repraeeentante,
892 3277 928 3326 ut
938 3277 984 3327 tot
998 3268 1069 3327 aliea
1085 3266 1232 3337 omittam,
1254 3282 1387 3342 quorum

283 3348 430 3409 vocabula
442 3350 530 3410 iatine
542 3354 656 3431 generie
675 3362 724 3413 tot
742 3362 814 3412 aunt
833 3352 936 3411 lexieie
948 3350 1196 3413 Graecobarberie
1209 3349 1387 3409 Gloaeariie-

185 3463 189 3471 ·
282 3452 342 3513 que
353 3436 508 3497 reeeneita.
549 3438 651 3514 itaque
661 3436 889 3521 ποπογὲφυραν
901 3446 932 3497 et
943 3436 1103 3497 Mauriciue
1119 3444 1225 3495 auctor
1238 3435 1387 3513 Strategi-

280 3538 388 3578 eorum
407 3528 439 3577 et
463 3529 566 3581 noeter
590 3521 640 3581 bie
660 3542 700 3581 ex
723 3544 782 3583 ueu
806 3523 948 3583 aermonie
970 3531 1045 3582 tune
1063 3520 1216 3602 popularia
1240 3519 1386 3595 dixerint,

280 3606 377 3665 mixta
390 3606 539 3665 mentione
550 3611 665 3686 pontis,
679 3609 801 3667 Latinae
812 3611 902 3683 voela,
918 3626 985 3667 eum
997 3608 1120 3686 antiqua
1131 3608 1246 3665 Graeca
1257 3602 1384 3686 γέφυρα,

280 3700 320 3749 ut
335 3690 450 3751 sariline
468 3690 683 3771 intelligeretur
696 3694 770 3771 qnid
786 3694 986 3773 exprimerent
1003 3714 1021 3751 a
1033 3692 1123 3771 vulgo
1139 3692 1200 3751 iam
1212 3690 1337 3769 bilingui
1349 3710 1385 3748 ae

280 3776 377 3835 multu
389 3776 532 3836 mixtione
546 3778 689 3839 italorum
705 3790 823 3839 aeauato
834 3778 961 3858 patriam
975 3779 1128 3857 antiquam
1140 3777 1272 3856 linguam
1283 3777 1385 3835 ineer-

280 3861 322 3917 tie
333 3860 485 3941 variegare
498 3862 609 3923 Latinia
622 3865 754 3926 vocabere.
797 3864 836 3924 ad
849 3872 1015 3924 extremum
1025 3862 1075 3923 hie
1087 3882 1236 3943 opponam
1250 3882 1289 3921 ex
1298 3861 1383 3920 Livio

281 3946 426 4020 quaedam
444 3968 461 4005 a
476 3946 588 4008 lectore
600 3971 663 4009 non
677 3950 824 4011 inutiliter
838 3948 1016 4010 eonferenda
1029 3950 1066 4009 iie
1082 3967 1158 4029 quae
1170 3948 1208 4007 do
1225 3947 1285 4007 eitu
1297 3948 1383 4006 loeo-

279 4046 349 4087 rum
368 4032 511 4109 interum,
537 4044 646 4095 natura
661 4036 794 4115 Sangarii
811 4034 906 4095 amnia
927 4044 958 4093 et
976 4034 1149 4095 neeeeaitate
1166 4032 1340 4113 imponendi
1354 4032 1383 4089 ei

280 4114 381 4188 pontia
395 4128 497 4178 noeter
508 4117 576 4195 boe,
594 4140 683 4199 quem
696 4122 880 4180 illuatratum
894 4120 945 4180 bio
958 4120 1045 4195 imue,
1067 4121 1133 4179 loeo
1147 4119 1249 4177 eeribit
1259 4119 1310 4182 lib.
1325 4119 1347 4179 d
1360 4116 1382 4178 4

280 4194 414 4274 Milia,
435 4203 488 4263 ubi
509 4206 727 4283 expeditionem
742 4206 825 4265 eneti
843 4206 944 4266 Manlii
960 4204 1088 4266 eoueulie
1105 4206 1138 4264 in
1151 4203 1382 4265 Genu-Graecei

282 4277 431 4344 deeeribit
471 4287 516 4348 eie
527 4290 629 4353 bivine
638 4290 743 4353 babet:
764 4312 832 4352 cum
847 4290 893 4351 ud
905 4294 1092 4371 &egerium
1098 4291 1218 4371 flueren
1228 4288 1381 4368 pervenie-
