3009 4900
255 301 333 378 624
564 301 742 380 uuolton
767 303 1049 373 ΡΑΕΗῩΜίΗίίὸ1

255 467 376 548 moires
390 475 448 559 pis
460 467 516 544 usis
527 471 558 542 oi
572 473 653 544 suad
666 469 755 544 udin
766 471 837 562 ἄρτι
849 469 979 563 προίτοις
988 477 1081 564 ’παρὰ
1093 481 1151 545 τοῦ
1165 479 1254 564 σφῶν
1267 499 1386 543 συνε-

256 584 345 669 δρίου
366 579 471 662 ἇββιῖν
491 576 650 664 δεξάμενοι
674 581 788 670 (δηλοῖ
804 577 879 666 δὲὴ
904 581 992 668 φωνὴ
1015 581 1070 647 τὸν
1086 575 1269 666 ἡγούμενον,
1299 579 1386 663 ἔχει

255 685 292 752 d'
308 675 401 762 οὗτος
411 683 469 766 τὴν
481 690 539 750 τοῦ
553 680 655 767 δήμου
667 685 878 770 προστασίαν,
902 681 945 762 ὥς
959 684 1045 770 παρὰ
1055 681 1216 766 Ῥωμαίοις
1230 680 1246 748 ὅ
1261 685 1382 768 προτί-

216 807 322 873 Βταρ
346 793 403 855 τοῦ
425 782 527 870 δήμου
554 784 670 873 πάλαι)
697 783 924 875 Ἀριογαβάροις
951 785 1068 872 ἤθελον
1095 784 1378 854 διαλλάττεσθαι·

255 891 330 960 uridd
351 891 413 978 γὰρ
434 887 516 975 είχον
536 889 639 967 ἄλλως
657 891 714 975 τὴν
730 887 815 958 sciara
828 893 1068 972 ιίιαπλαίίζεσθαι
1082 890 1162 958 κατὰ
1175 889 1232 965 τὰς
1251 889 1408 959 αὕτῶνᾶ

255 995 466 1081 πραγματείας
476 990 655 1060 θάλασσαν.
680 991 780 1081 ταύτῃ
794 1019 842 1060 τοι
860 995 909 1060 καί
923 995 964 1060 τὰ
977 1000 1033 1078 τῆς
1045 989 1237 1078 πρεσβείας(
1221 1019 1237 1058 ο
1251 992 1380 1075 oiddia,-

255 1098 423 1182 ἀνεδίχετο.
457 1099 508 1162 ναί
521 1103 648 1178 βασιλεῖ
657 1097 814 1184 γνωσθίν,
842 1098 903 1164 ἐπεί
918 1097 1053 1184 στρατὸν
1065 1093 1194 1180 βάρος”
1176 1121 1287 1180 εχοντα
1300 1096 1378 1162 osias

255 1200 315 1287 είχε
336 1201 465 1282 πίμπειν
472 1249 484 1281 ,
511 1197 591 1266 αλλιί
605 1225 676 1266 τινα
690 1207 753 1267 τῶν
770 1206 903 1284 ψιλικῶν
918 1198 1084 1286 ταγμάτων
1100 1199 1217 1287 περί
1185 1225 1238 1266 τον
1258 1199 1375 1285 μέγαν

255 1301 466 1392 ἓταιρειιίρχην
486 1296 568 1389 ἦσαν
591 1303 645 1370 τὸν
669 1300 817 1384 Actiaca,
844 1303 900 1382 οὓς
922 1297 992 1388 ἦγεν
1014 1303 1199 1372 siriniensi
1216 1309 1372 1388 προτοῦ

255 1405 426 1495 epiricus,
448 1402 551 1490 ἦν’
507 1433 551 1494 πῃ
573 1433 647 1474 ποτε
669 1408 830 1494 κραφηιίόν
852 1411 904 1474 καί
928 1409 960 1486 ἐξ
985 1408 1034 1474 ἐνί
1032 1410 1110 1492 δρας
1130 1403 1371 1492 αροσβαλλοιεν
1382 1419 1421 1471 10
1496 1397 1497 1408 ’

254 1509 316 1600 (οὐ
334 1502 433 1596 γὰρ
411 1517 605 1597 ηνφανερῶς
622 1508 902 1596 ἀντιτάττεσθαι),
931 1510 983 1576 διὰ
998 1518 1098 1576 ταῦτα
1114 1502 1223 1594 crisis
1238 1508 1369 1576 ἆποδέ-

216 1627 241 1680 c
254 1620 370 1699 χεσθαι
382 1618 414 1679 Γ
410 1617 565 1689 εννουιτας
584 1615 661 1699 spic
676 1613 868 1700 ε’χθροος
823 1641 885 1682 των
896 1611 1054 1696 Ῥωμαίων
1067 1609 1188 1701 εἰρήνην
1208 1615 1366 1680 συντίθε-

253 1725 334 1784 σθαι
347 1717 510 1793 θίίιοντας.
544 1717 635 1784 ε’νθεν
651 1721 703 1783 καί
715 1725 840 1802 πρῶτον
853 1719 909 1800 μίν
924 1745 945 1782 π
948 1718 1051 1800 ίμψας
1067 1717 1162 1784 ἀναστ
1165 1715 1286 1782 ί’λλειν
1274 1742 1363 1782 επει-

253 1827 331 1951 puicu
344 1847 381 1887 το
369 1816 558 1904 βούλημα,
586 1817 674 1898 ὦςιί’
690 1821 902 1901 oscannum,
925 1817 1073 1902 ademptis
1090 1821 1140 1886 καί
1157 1816 1360 1888 ndirroriddr
1496 1851 1497 1908 γ

250 1916 346 2009 ηττον
366 1929 450 2011 σφᾶς
463 1926 574 2010 φίλους
587 1926 639 1989 ναί
652 1931 778 2006 βασιλεῖ
788 1927 840 1990 καί
852 1921 1027 2004 Ῥωμαίοις,
1048 1921 1100 2010 ἐφ’
1116 1919 1162 1998 οἷς
1178 1925 1230 1988 aui
1243 1921 1356 2007 ὅρκους
1367 1931 1408 1986 15
1496 1915 1497 1998 ί

251 2024 470 2110 ἀπαιτούμενοι
490 2027 566 2102 roric
586 2024 879 2111 παλαμναιοτιίτοος
893 2029 1053 2108 ἐδίδοσαν,
1081 2019 1159 2110 ἦμ
1116 2052 1180 2110 μην
1194 2027 1246 2092 καί
1258 2018 1352 2102 αοθις

251 2127 330 2218 aindp
347 2127 506 2214 Ῥωμαίων
530 2177 719 2200 ........
746 2131 838 2199 ιιαί·“
820 2155 931 2220 ορκονς
953 2177 1093 2198 ......
1114 2127 1223 2216 ἕτίραν
1235 2127 1351 2214 βουλὴν

251 2312 362 2350 nueuses
378 2293 598 2362 ὓοοτίτιιίὶοοροίί
620 2293 743 2364 degentes
764 2293 951 2350 destinatum''
933 2310 965 2350 us
981 2293 1103 2364 regendis
1119 2294 1177 2348 ab'
1168 2311 1281 2364 ipsorum
1298 2311 1353 2348 me-

250 2364 359 2433 tropolis
374 2372 466 2417 senatu
483 2363 657 2446 magistratum
679 2380 840 2433 supremum,
861 2381 935 2434 quem
953 2363 1040 2418 dicunt
1057 2365 1172 2430 Abbam,
1189 2381 1259 2446 ‘voce
1275 2381 1354 2432 prae·

250 2435 347 2487 fectum
372 2442 417 2485 aut
440 2433 618 2516 praepositum
635 2443 751 2487 sonante.
786 2433 830 2486 hic
853 2433 986 2503 praeditus
1009 2433 1164 2489 auctoritate
1189 2429 1214 2485 in
1232 2435 1353 2553 puppium

252 2510 293 2556 est
316 2501 373 2553 eins
396 2500 470 2555 simili
493 2519 569 2569 quam
585 2503 644 2555 oiiru
660 2502 730 2572 apud
747 2502 875 2556 Romanus
896 2513 1001 2571 praetor
1019 2502 1114 2585 popuii
1123 2504 1239 2555 habebat.
1293 2504 1352 2557 nius

251 2571 386 2625 ocoesiene
408 2569 550 2635 adventus,
575 2570 748 2625 consultantes
772 2571 805 2623 da
827 2574 903 2624 rebus
927 2572 981 2625 suis
998 2571 1116 2626 Galatini
1134 2574 1280 2625 Genuenses
1297 2589 1350 2625 uuo

251 2656 359 2693 escensu
382 2649 555 2693 convenerunt
576 2639 720 2693 necessario
745 2639 796 2693 sibi
819 2640 960 2693 faciendam
985 2658 1042 2695 cum
1059 2638 1221 2709 Amogsbaria
1245 2656 1347 2709 pauens

251 2709 329 2763 aliter
355 2710 420 2763 enirn
445 2727 532 2793 quem
538 2710 571 2761 iis
567 2727 635 2791 per
651 2726 683 2762 ea
699 2712 757 2763 loce
773 2710 1005 2778 praevalentibus
997 2727 1023 2764 rn
1029 2710 1241 2793 compositionem
1260 2726 1349 2763 securn

250 2778 383 2841 adductis,
408 2779 532 2833 liberas
525 2779 589 2850 rpsis
605 2796 636 2831 ac
652 2795 758 2832 securas
777 2795 826 2831 non
850 2781 905 2833 sure
922 2778 1100 2845 navigationes
1118 2778 1242 2832 Euxinum
1257 2795 1349 2833 rernm

250 2847 284 2902 ad
301 2848 435 2932 emporia
429 2848 528 2910 iliarum
542 2849 672 2931 partium,
698 2865 838 2917 equorum
853 2850 1010 2901 commerciis
1025 2866 1085 2919 spes
1102 2866 1134 2901 ac
1150 2848 1263 2902 rationes
1282 2865 1349 2903 mer-

250 2924 372 2982 utone,
395 2916 437 2969 cui
460 2918 617 2999 potissimum
640 2918 784 2981 vacabant,
807 2932 898 2985 magna
916 2936 947 2971 ex
965 2926 1040 2987 perte
1056 2918 1206 3001 penderent
1241 2936 1272 2972 eo
1289 2935 1351 2972 con·

248 3003 327 3040 sensa
352 2956 380 3039 εί
403 2985 442 3037 rei
465 2985 708 3039 verisimilitudine
700 2986 780 3055 ipsius
798 2988 885 3039 Abbas
907 2996 991 3041 motus
1012 2988 1161 3055 legationem
1180 2988 1205 3039 ei
1220 2988 1333 3071 psci
1296 2996 1351 3041 tra·

249 3054 361 3109 mnus·
383 3070 430 3124 per
450 3072 480 3107 se
502 3056 642 3108 obeundam
663 3055 694 3107 sd
718 3056 892 3123 Amogabaros
909 3056 1030 3141 suscepit
1064 3056 1202 3109 indicatum
1220 3057 1247 3109 ad
1266 3056 1350 3110 consi·

248 3124 309 3177 lium
326 3124 472 3207 imperatori
487 3132 529 3175 ast
545 3131 598 3177 tum
616 3124 739 3191 maxime,
757 3133 787 3175 ut
804 3125 899 3177 dictum
917 3133 972 3188 est,
989 3127 1087 3179 intentu
1103 3126 1280 3209 excogitandis
1296 3144 1350 3179 rue·

247 3192 290 3245 dis
313 3190 450 3246 resistendi
466 3193 642 3260 dmogabaris.
677 3192 818 3246 exercitum
838 3195 904 3247 enirn
921 3196 1029 3259 iustum,
1058 3212 1132 3265 quem
1149 3196 1181 3249 iis
1199 3204 1347 3277 apponeret,

247 3279 297 3315 nec
322 3261 435 3314 habebat
457 3262 489 3314 ad
515 3280 615 3315 uranum
639 3280 688 3316 nec
711 3263 779 3315 unde
802 3272 907 3330 cogeret
931 3266 1101 3348 suppetebat.
1126 3270 1227 3317 tantuin
1245 3264 1346 3335 quidun

246 3330 315 3384 levis
332 3336 477 3384 armaturae
493 3331 594 3382 ordines
609 3340 778 3415 supererant,
801 3348 866 3401 quos
883 3350 989 3417 magnus
1005 3332 1182 3387 hetaeriarcha
1200 3334 1284 3387 Ducas
1300 3350 1349 3387 ex-

246 3400 345 3455 ercitus
361 3399 456 3461 tutius,
481 3408 618 3467 antequam
636 3399 822 3470 dissiparetur,
847 3402 914 3467 dux,
937 3402 1048 3472 reliquas
1065 3403 1147 3455 adhuc
1165 3404 1295 3468 habebat,
1313 3400 1347 3456 sd

246 3486 319 3523 usum
335 3468 486 3521 furtivarum
504 3469 637 3521 dumtaxat
659 3468 921 3523 excursiuncuiarum.
949 3472 1016 3525 haud
1033 3472 1098 3525 enim
1114 3474 1200 3543 palam
1217 3480 1349 3526 ostentare

245 3555 279 3591 ex
296 3538 407 3591 adverso
422 3539 532 3590 frontem
549 3544 601 3589 tam
618 3538 703 3591 multia
720 3547 772 3592 tarn
791 3556 885 3607 paucos
905 3540 965 3593 belli
981 3540 1048 3593 ratio
1066 3550 1112 3593 aut
1129 3542 1267 3595 communis
1284 3558 1349 3625 prn-

244 3605 333 3661 dentis
350 3607 458 3660 sinebat.
492 3607 556 3659 irasc
573 3614 664 3660 cuncta
680 3624 769 3662 secum
785 3608 924 3678 imperatur
945 3618 1067 3678 reputans
1085 3610 1194 3695 primum
1211 3628 1243 3664 ex
1263 3610 1350 3665 erinn-

245 3674 305 3729 dnna
327 3675 445 3759 poterit,
466 3674 559 3745 ecquid
583 3693 706 3729 revocare
729 3678 882 3731 Genuenaea
899 3696 915 3732 e
932 3679 1036 3732 consilio
1060 3680 1130 3749 pacis
1149 3630 1349 3749 Amogadaricae

243 3755 342 3815 posset.
378 3744 445 3798 misit
462 3763 524 3813 ergo
541 3744 658 3827 quicum
675 3746 869 3811 dissuaderent,
893 3748 985 3817 quibus
1003 3765 1059 3801 curu
1077 3755 1146 3801 esset
1163 3766 1312 3833 responsum
1331 3766 1349 3803 a

244 3814 425 3867 Genuensibus
449 3814 601 3866 necessariis
618 3831 648 3867 re
665 3816 751 3868 musis
768 3815 800 3867 ad
818 3832 873 3868 esna
897 3816 1044 3870 nuendum
1062 3818 1253 3872 couventionem
1271 3817 1349 3883 trahi,

242 3898 293 3935 nec
309 3883 395 3935 fraudi
412 3900 468 3936 earu
484 3882 607 3936 Romania
624 3891 671 3937 aut
687 3883 836 3967 imperatori
851 3886 915 3953 iore,
933 3886 1025 3969 quibus
1042 3886 1118 3939 amici
1135 3894 1163 3940 et
1179 3888 1225 3939 fini
1242 3904 1300 3941 esse
1316 3894 1348 3941 nt

243 3958 322 4003 antea
338 3968 388 4003 non
404 3952 568 4015 desisterent,
584 3961 718 4023 postquam
735 3952 877 4007 indemnem
893 3954 920 4007 in
937 3955 1017 4007 locu'
1011 3955 1073 4024 ipsis
1090 3966 1235 4040 opportuna
1252 3956 1349 4010 mansi-

244 4026 299 4071 tum
319 4021 353 4072 ab
371 4021 485 4073 hostibus
503 4021 672 4075 Rornanorum
694 4021 869 4105 pepigissent,
894 4034 971 4095 prout
994 4040 1096 4077 suorum
1120 4026 1233 4081 rationes
1256 4024 1349 4079 merci-

245 4087 383 4141 munionrm
400 4088 560 4157 flagitabant.
594 4098 653 4160 post
674 4108 742 4159 qnae
759 4092 844 4159 rogati
861 4099 890 4145 ut
906 4093 994 4145 saitem
1016 4093 1178 4147 iurisiurandi
1195 4096 1247 4148 iide
1264 4096 1347 4149 inter-

245 4155 332 4225 posite
352 4167 475 4211 caverent
496 4178 526 4212 se
551 4178 601 4213 non
624 4159 759 4213 adiuturos
781 4160 906 4214 adversus
930 4177 982 4213 reru
1005 4162 1145 4216 Romanam
1162 4166 1347 4232 Ancgabaros,

245 4233 292 4279 aut
313 4225 478 4311 quidquam
477 4228 526 4281 huc
550 4229 632 4282 toto
623 4246 650 4281 ru
667 4228 771 4297 negotio
788 4238 892 4281 acturos
914 4230 1054 4283 abhorrens
1071 4234 1105 4286 ab
1123 4234 1271 4317 obsequio'
1264 4250 1348 4303 ruspe-

244 4298 326 4349 ratun
342 4310 359 4348 a
373 4310 404 4348 se
420 4296 507 4350 debito
524 4303 553 4352 et
568 4298 602 4354 sd
621 4306 761 4353 utrcnuru
778 4298 817 4353 uti
834 4298 958 4353 hacteuus
975 4300 1128 4369 exhibendo,
1144 4300 1180 4355 iiii
1197 4300 1265 4356 haud
1281 4318 1346 4355 σασ-
