3009 4900
404 341 486 411 ΠΒ.
507 340 566 413 111.
589 342 969 414 'cmonotofflcus
1160 347 1233 418 831

102 508 297 590 penderet,
329 509 514 589 occupandis
537 517 569 570 et
592 507 779 570 vahdissimo
804 510 952 588 praesidio
971 509 1125 590 terendis,
1153 511 1236 573 sicut

105 595 229 654 modo
250 614 319 654 eum
339 595 471 656 vidimus
487 595 520 654 iu
538 595 697 654 Bolocoma
719 596 843 671 fecisse,
869 597 902 656 iu
920 615 980 676 qua
1002 597 1102 657 clares
1123 596 1236 660 Prosae

106 679 264 760 reperit,
296 676 343 740 uti
362 689 391 738 et
411 681 550 740 Nicaeam
568 679 624 740 sibi
643 679 814 759 subiugasm
837 681 921 742 visua
942 691 988 741 eat
1011 690 1101 761 capta
1119 691 1149 741 et
1171 685 1235 744 suia

105 764 315 825 firmissimis
345 765 441 844 copiis
469 765 582 826 mansa
608 765 775 826 Tricoccia.
832 785 890 844 qua
927 766 965 827 de
997 787 1032 828 re
1061 767 1147 828 iuvat
1173 789 1235 826 no-

108 859 233 910 strum
251 847 303 910 hic
317 848 529 930 Pachymerem
551 850 655 910 audire
674 871 704 930 p.
717 855 781 918 637
794 870 824 914 v.
840 855 880 916 18
900 849 1080 912 scribentem
1100 849 1133 910 in
1152 850 1235 912 hunc

109 935 275 995 modum:
303 937 387 994 circe
418 931 567 994 Mensam
590 936 672 994 malo
699 957 773 998 sarae
801 937 867 994 Ioco
895 958 943 994 res
969 947 1069 1010 erant,
1101 937 1235 996 Almana

114 1031 248 1079 cuncta
266 1020 334 1079 illic
354 1031 461 1102 agente
470 1015 652 1102 firmisque.
695 1041 732 1080 ac
749 1021 842 1102 paulo
863 1031 948 1102 post:
970 1024 1075 1102 itaque
1089 1023 1235 1101 infestum

115 1109 300 1165 exercitum
318 1137 362 1151 -
382 1105 586 1181 venientibus,
604 1107 723 1165 Atman
737 1103 876 1168 credidit.
918 1099 1235 1188 hactenusPachyme-
1293 1137 1300 1146 ·

114 1210 195 1262 res,
219 1210 259 1250 ex
280 1188 365 1250 cuius
386 1189 504 1272 triplici
527 1192 617 1250 modo
640 1201 801 1252 memorata
825 1192 997 1252 narratione
1012 1210 1114 1254 rerum
1129 1193 1235 1256 abat-

117 1294 238 1352 mane,
259 1273 298 1334 ad
319 1272 524 1336 Nicomediam
544 1275 627 1336 victo
645 1275 816 1352 Musalone,
837 1275 876 1336 ad
896 1277 1022 1339 Prusam
1042 1286 1129 1360 capta
1144 1277 1235 1338 Belo-

120 1381 239 1436 coma,
268 1359 307 1420 ad
326 1359 465 1421 Nicaeam
491 1370 659 1440 expugnata
678 1357 834 1423 Tricoccla
853 1371 1020 1439 gestarum,
1042 1363 1235 1422 manifestum

121 1455 176 1504 est
194 1444 340 1505 habuisse
351 1445 439 1506 illum
456 1446 489 1504 in
502 1455 650 1527 potestate
666 1447 836 1507 universam
852 1441 1037 1528 Bithyniam,
1056 1441 1154 1508 tribus
1174 1443 1236 1508 illia

122 1529 288 1611 primariis
301 1532 364 1589 aius
379 1529 557 1612 provinciae
575 1532 715 1610 urbibus,
737 1533 791 1592 etsi
807 1552 868 1592 non
887 1533 975 1612 plene
992 1533 1154 1614 possessis,
1176 1533 1236 1593 sal-

123 1625 195 1674 tem
210 1615 346 1694 undique
361 1615 570 1692 circumdatis,
591 1625 620 1676 et
635 1616 715 1676 lenta
730 1617 776 1675 sic
789 1615 943 1676 obsidione
957 1639 1026 1678 cum
1038 1615 1158 1678 interim
1177 1635 1235 1698 pro

125 1699 225 1760 libito
243 1701 428 1760 munerandis
450 1711 480 1760 et
497 1700 624 1782 pecunia
644 1697 826 1778 multandis,
847 1711 909 1762 tum
929 1702 1059 1782 denique
1073 1703 1237 1762 certimime

127 1784 290 1847 trahendis
313 1779 369 1846 sub
389 1785 557 1847 absolutum
579 1787 787 1865 integrumque
809 1785 985 1848 dominium.
1027 1786 1060 1846 id
1080 1787 1162 1868 quod
1173 1806 1237 1846 uon

127 1869 195 1951 ipsi
210 1870 330 1950 quidem
347 1870 454 1950 obtigit
465 1869 596 1934 Atmani.
640 1892 746 1933 verum
759 1871 842 1931 illius
856 1867 961 1934 haeres
977 1882 1007 1932 et
1019 1869 1100 1932 lilius
1115 1867 1237 1932 Ureba-

130 1975 205 2030 nes,
229 1976 317 2035 quem
333 1957 556 2016 Canncuaenus
571 1955 594 2018 l.
609 1961 629 2023 8
643 1978 668 2020 c.
686 1961 725 2033 9,
746 1967 857 2016 statum
869 1957 901 2016 in
913 1977 972 2036 quo
987 1977 1055 2017 eum
1069 1966 1155 2038 pater
1167 1976 1237 2016 mo-

130 2040 217 2102 riens
241 2041 419 2122 reliquerat,
441 2041 613 2120 exprimens
635 2053 797 2122 satrapam
820 2041 981 2102 Orientalia
1005 2039 1162 2122 Bithyniae
1184 2062 1237 2122 ap·

133 2126 249 2206 pellat,
268 2125 355 2186 brevi
372 2147 404 2186 ae
415 2125 574 2205 Bithyniae
589 2128 683 2186 totius
703 2127 871 2208 principem
889 2125 1019 2186 ostendit
1033 2121 1126 2187 Prusa
1140 2125 1237 2186 Nico-

135 2211 238 2271 media
253 2221 283 2270 et
294 2213 402 2272 Nicaea
415 2211 505 2291 plana
517 2211 650 2288 domitis,
664 2222 823 2292 postquam
835 2210 906 2270 huic
918 2207 1042 2271 ultimae
1052 2209 1238 2292 periclitanti

136 2293 291 2376 suppetias
314 2291 504 2357 Andronicus
524 2291 627 2356 iunior
647 2317 806 2357 accurrens
820 2295 959 2378 repulsus
973 2308 1003 2356 et
1017 2297 1194 2358 vulneratus
1205 2295 1238 2354 in

138 2381 252 2440 femore
264 2381 394 2447 recessit.
437 2382 523 2441 cuius
535 2402 654 2463 pugnae
667 2402 703 2441 ac
716 2381 848 2442 vulneris
864 2380 1000 2442 meminit
1013 2381 1238 2446 Cantacusenua
1254 2383 1278 2437 P
1294 2383 1347 2436 603

137 2466 197 2533 L¹2
210 2486 234 2525 u
248 2470 286 2541 7,
307 2467 379 2528 iuda
393 2477 524 2527 secutam
535 2478 636 2528 umen
650 2468 778 2527 Nicaeae
796 2466 977 2527 deditionem
990 2488 1098 2548 parum
1113 2467 1241 2529 candide

139 2550 345 2628 dissimulans,
375 2574 464 2631 quam
486 2548 613 2633 ingenue
639 2553 772 2612 fatentur
788 2552 933 2631 Gregoraa
949 2552 970 2617 l.
987 2552 1007 2619 9
1027 2560 1057 2613 et
1076 2550 1239 2613 Phraatrea

140 2656 165 2695 e
179 2640 216 2701 11
231 2634 253 2696 l.
268 2643 306 2713 1,
327 2646 363 2696 ut
376 2638 511 2697 omittam
526 2639 605 2697 idem
620 2636 729 2698 diserte
745 2636 928 2697 affirmantes
941 2636 1053 2697 Arabes
1068 2639 1240 2719 scriptores,

139 2720 216 2781 inter
231 2742 307 2800 quoa
319 2742 420 2781 omnes
434 2724 575 2783 convenit
587 2720 738 2781 Ianicmid
749 2732 779 2781 et
792 2716 876 2781 Israik
898 2720 963 2801 (sio
978 2717 1022 2779 illi
1034 2716 1240 2782 Nicomediam

142 2817 171 2866 et
190 2806 325 2867 Nicaeam
349 2808 524 2883 nominant)
546 2808 584 2866 ab
608 2804 747 2865 Urchane
768 2804 926 2865 Othmanis
949 2803 1011 2863 filio
1041 2814 1111 2886 post
1141 2806 1239 2885 patria

142 2901 266 2950 mortem
294 2902 396 2971 captas
422 2892 523 2953 luisse.
565 2890 702 2950 Brasiam
729 2910 802 2949 vero
833 2888 893 2971 (ita
918 2888 1040 2949 Pruaam
1061 2888 1240 2969 appellant)

144 2975 263 3055 quidam
282 2976 406 3037 illorum
421 2977 564 3037 Othmani
579 2974 679 3035 adhuc
695 2974 827 3047 viventi,
849 2973 899 3033 alii
918 2994 954 3033 eo
968 2982 1088 3035 mortuo
1102 2974 1237 3035 Urchani

145 3060 269 3120 deditam
292 3059 387 3125 aiunt.
430 3064 493 3122 lato
517 3081 591 3121 vero
614 3061 753 3120 sunctum
777 3054 955 3119 Othmanem
973 3079 1074 3119 omnes
1089 3060 1111 3121 ii
1128 3080 1237 3137 magno

145 3166 287 3205 consensu
299 3147 424 3207 tradunt
439 3168 518 3206 anno
528 3142 654 3225 Hegirse
667 3150 738 3218 726,
763 3144 848 3205 cuius
862 3144 921 3205 suit
933 3144 1053 3205 initium
1066 3145 1129 3206 dies
1142 3149 1163 3210 8
1178 3146 1236 3203 De-

57 3266 63 3273 ·
145 3230 267 3290 octubris
286 3231 358 3290 anni
379 3231 491 3292 Christi
512 3233 612 3307 1325,
633 3230 707 3291 adeo
727 3240 763 3291 ut
785 3252 866 3291 mors
887 3228 1046 3291 othmari·
1068 3230 1102 3291 in
1123 3250 1237 3291 anuum

146 3315 252 3375 christi
265 3320 346 3381 1326
360 3315 500 3377 videatur
510 3316 685 3378 differenda.

223 3450 286 3512 vlt.
327 3450 481 3512 Hactenus
502 3450 590 3511 dictis
610 3450 700 3509 liceat
727 3446 801 3509 milri
831 3467 886 3529 per
910 3446 1071 3529 benignum
1093 3449 1237 3513 lectorem

148 3535 297 3597 mantissac
311 3536 380 3595 loco
398 3558 547 3618 apponere
565 3536 832 3598 considerationem
852 3534 982 3593 duorum
1005 3544 1141 3595 veterum
1166 3558 1238 3598 ora-

151 3621 295 3699 culorum,
324 3642 400 3703 quac
427 3644 483 3703 per
508 3620 583 3681 haec
608 3620 698 3679 fuisse
720 3628 836 3700 patrata
858 3619 975 3679 eventis
1001 3640 1063 3679 non
1088 3620 1239 3681 immerito

150 3706 221 3765 credi
237 3716 337 3787 potest
346 3731 356 3785 3
376 3706 409 3767 id
425 3708 506 3789 quod
526 3729 561 3767 eo
581 3706 681 3764 minus
696 3705 826 3764 alienum
842 3704 878 3761 ab
894 3702 954 3762 hoo
971 3705 1040 3765 loco
1052 3706 1129 3765 forte
1142 3706 1240 3777 fuerit,

152 3792 223 3869 quod
241 3812 343 3851 eorum
363 3792 490 3853 alterum
514 3802 559 3851 est
580 3791 765 3870 implicatum
786 3810 854 3849 cum
870 3789 1036 3849 rationibus
1050 3788 1240 3869 chronologi-

152 3875 189 3934 cis
207 3876 397 3955 quibusdam,
419 3898 558 3937 numeros
575 3897 592 3933 a
611 3874 698 3934 nobis
710 3874 763 3933 hic
776 3874 938 3935 subductos
954 3884 1037 3933 recto
1049 3874 1165 3956 positos
1180 3876 1241 3935 cal.

153 3961 213 4019 culo
230 3962 464 4022 adstruentibua.
506 3961 613 4021 recitat
626 3960 767 4039 antiquus
782 3960 912 4038 scriptor
926 3957 1075 4035 Zosimus,
1097 3956 1240 4021 historia-

152 4066 211 4106 rum
223 4046 245 4110 l.
255 4053 296 4124 2,
314 4046 499 4127 Erythraeas
512 4048 563 4107 vel
578 4046 746 4126 Epiroticae
763 4044 891 4128 Sibyllae
907 4043 965 4103 hoc
983 4042 1177 4106 vaticinium:

304 4161 345 4246 dri
364 4160 433 4229 stira
453 4170 600 4229 Βιθυνῶν
619 4158 817 4249 yetus-tatum
839 4158 997 4242 οἰκήσουσι

305 4246 406 4331 Ζηνὸς
425 4246 674 4330 tempestivam·
695 4246 770 4329 taxii
791 4242 824 4312 δ’
845 4241 1020 4329 ἐπιβήσεται
1041 4242 1122 4333 ἀρχῆ

304 4328 472 4419 siriciam,
494 4338 526 4401 oi
545 4330 698 4413 Βύζαντος
718 4327 1053 4411 idocsururescssiets.
1160 4389 1164 4397 ,
