3009 4900
268 281 341 354 106
581 282 759 350 GEORGII
785 281 1053 350 premunitus
1105 283 1109 300 '
1488 283 1496 348 l

265 455 318 520 stol
331 451 530 530 Μακεδονίας
542 453 787 542 κατῳκημένους,
812 454 875 519 luel
888 452 1201 538 eosudpupoops‘oovc
1214 447 1280 540 ᾔδει
1294 452 1368 528 ecclc
1477 486 1496 525 n

267 552 484 634 ἐξελαύνοντας
511 555 550 640 ἢν
575 554 620 639 μή
649 581 697 633 τις
722 552 852 637 κωλάοι,
880 555 899 622 ὃ
921 557 958 639 δὴ
981 559 1031 620 καί
1051 555 1205 624 ιλιλάνατον
1224 551 1369 638 τηνικάδε
1495 573 1496 578 ’

266 662 485 748 κατεφαίνετο,
513 669 578 736 τοῖς
598 660 691 726 ἐκεῖσε
712 662 893 747 φρουρίοις,
922 659 959 724 orl
981 659 1059 725 πολι)
1075 659 1111 724 τὸ
1127 658 1266 746 ἀσφαλὲς
1279 658 1368 740 ἔχου-
1480 718 1484 728 .

267 787 335 838 σιν,
362 761 541 829 ἶναπίκλειε.
590 762 627 828 τὸ
642 762 678 827 δέ
691 788 723 846 γε
738 761 904 847 Βλαχικόν,
932 761 949 828 ‘d
967 762 1005 846 δὴ
1020 761 1127 845 operiris
1142 762 1202 827 dccl
1217 769 1280 827 τῶν
1293 765 1368 840 ἔξω·

265 866 346 953 τίρω
359 873 414 949 τῆς
427 863 543 943 πόλεως
559 866 590 942 ἔς
601 862 718 949 Βιζάην
734 870 785 931 καί
800 864 906 952 πόρρω
920 869 962 941 είς
977 872 1101 948 πλῆθος
1115 865 1255 951 ἀριθμοῦ
1269 873 1394 950 κρείτ-5
1493 913 1496 946 ,

229 974 253 1029 0
269 994 324 1035 τον
338 966 529 1052 παυσάμενον
542 969 748 1056 παρατίτατο,
765 969 859 1046 ἔθνος
870 971 1055 1054 δυσχωρίαις
1065 979 1176 1053 χαῖρον
1188 971 1238 1033 καί
1252 962 1370 1050 βοσκή-
1484 1017 1496 1052 ,,

265 1096 345 1155 μασι
364 1072 572 1159 προσανίχον,
598 1072 636 1137 οὐ
657 1072 718 1154 μὴν
738 1074 774 1138 δὲ
801 1073 881 1138 ἀλλὰ
907 1075 958 1137 καί
978 1071 1094 1155 μάχαις
1115 1071 1290 1154 εἰθισμένον
1313 1070 1370 1136 άν-

267 1178 368 1259 δρῶν,
395 1173 589 1241 ὖποπτευθέν
610 1177 653 1250 τίς
668 1174 859 1259 αὐτομολίαν
876 1172 917 1252 ὦς
938 1186 1003 1250 τοῖς
1016 1172 1210 1259 ἓξεληλακάσι
1227 1177 1277 1240 καί
1290 1171 1369 1239 αὐτὸ

267 1275 556 1364 προσπεσοάμενον,
583 1281 758 1360 μετοικίζειν
783 1279 835 1344 ἐπ’
862 1278 1017 1362 ἀνατολῆς
1036 1277 1112 1363 ἔγνω
1135 1279 1215 1344 nortl
1237 1278 1294 1360 τὴν
1313 1283 1372 1361 τῆς

268 1384 460 1461 Βυζαντίους
482 1381 699 1464 άντιπεραίαν,
725 1381 807 1465 πλὴν
829 1383 879 1448 καί
901 1387 1064 1447 ταπεινοῦν
1087 1384 1221 1464 ζημίαις,
1243 1377 1287 1464 μή
1305 1404 1371 1456 πως
1379 1391 1415 1444 10
1486 1441 1494 1470 Ι.

268 1481 334 1570 άρα
354 1487 405 1550 καί
423 1481 646 1570 άπιρηφανοῖεν
665 1480 780 1567 πλήθει
799 1499 833 1552 ’τε
856 1488 907 1550 καί
923 1483 1049 1566 δυνάμει
1063 1492 1266 1568 θαρροῦντες.
1319 1485 1372 1548 καί
1486 1563 1490 1576 .

269 1585 362 1653 ἔνθεν
373 1589 430 1667 μὲν
445 1587 624 1669 ἓζημιοῦντο
639 1586 678 1652 τὰ
690 1588 819 1674 μίηιστα
827 1639 837 1670 ,
865 1588 954 1654 λ’νθεν
968 1590 1001 1653 δὲ
1015 1591 1216 1676 μετιρκίζοντο
1241 1587 1367 1666 άνοικτί,

268 1689 327 1773 οιλχ
350 1681 445 1773 ἦττον
467 1693 576 1772 ζημίας
596 1690 675 1756 ἀλλὰ
696 1694 885 1772 καὶμᾶλλον
906 1692 962 1776 τὴν
984 1695 1159 1774 μετοίκησιν
1175 1689 1371 1775 λογιζόμενοι.
1485 1746 1492 1783 ,ρ

178 1785 254 1844 Ρ68
271 1796 336 1873 ζῶα
356 1793 416 1880 γὰρ
438 1795 536 1859 ἐκεῖνα
558 1797 610 1860 καλ
630 1800 736 1878 κτῆσις
753 1801 840 1859 πᾶσα
859 1795 898 1860 τά
921 1797 977 1875 μὲν
999 1794 1098 1861 adorsa
1112 1791 1290 1880 apodasmo
1306 1801 1372 1867 τοῖς
1486 1841 1488 1846 2

268 1903 412 1977 πολλοῖς,
442 1896 483 1962 τά
506 1898 541 1962 δὲ
562 1899 613 1964 καί
636 1897 692 1963 τὸν
711 1894 809 1966 τόπον
830 1895 1006 1976 ἀλλάξαντα
1030 1903 1127 1989 καιρῷ
1150 1903 1297 1982 χειμῶνος
1320 1897 1370 1960 καί
1380 1901 1417 1956 15
1487 1949 1496 1970 y.

267 2128 453 2194 Macedoniae,
478 2130 596 2201 quoniam
620 2132 722 2185 sciebat
738 2132 807 2186 baud
824 2102 900 2186 dubie
916 2132 1083 2185 incursandos
1100 2147 1117 2184 s
1133 2129 1288 2185 minantibus
1304 2127 1370 2181 irru-

268 2199 381 2320 ptionem
397 2197 424 2251 iu
441 2216 486 2252 eas
503 2210 591 2270 partes
607 2202 727 2268 Scythis,
756 2203 806 2256 nisi
830 2203 888 2272 quis
911 2203 1060 2272 prohiberet
1083 2201 1275 2253 intercludendo
1300 2198 1371 2252 bisce

287 2269 386 2321 arbaris
409 2267 436 2320 in
461 2286 505 2321 ees
530 2269 647 2338 regiones
672 2271 800 2335 transitu,
825 2272 897 2326 cuius
920 2272 956 2324 rei
981 2272 1048 2322 nulla
1065 2277 1127 2322 tunc
1143 2287 1202 2340 spes
1219 2268 1370 2338 apparebat,

268 2353 346 2406 qnam
369 2337 449 2390 solam
475 2336 509 2390 lis
531 2339 679 2392 consulendi
700 2341 824 2408 reliquam
843 2343 964 2393 rationem
982 2339 1083 2404 habuit,
1106 2345 1287 2401 accenseat,
1315 2335 1372 2388 etli-

268 2422 330 2459 cons
354 2413 385 2460 ut
408 2407 576 2475 confugerent
597 2407 624 2460 in
648 2425 722 2463 eroes
745 2409 844 2462 illorum
868 2415 1011 2472 tractuum,
1036 2408 1120 2478 iisqne
1137 2423 1179 2462 rea
1199 2421 1372 2477 personasque

268 2474 1374 2615 tttfflldtttttt,tltttitttt'ittttatttttt.t²²?to¹¹ttt„ltl

269 2612 304 2667 lis
327 2613 492 2668 εταιτίιαῑαω
515 2614 678 2686 sponderent.
713 2616 747 2669 de
771 2616 875 2671 Blachis
897 2617 986 2670 eedem
1008 2616 1045 2668 illi
1069 2615 1172 2669 occasio
1188 2614 1374 2669 solicitudinem

270 2682 395 2737 admovit.
431 2691 489 2736 erat
503 2683 530 2737 id
546 2701 627 2754 genus
644 2685 770 2739 bominum
786 2702 895 2755 regum,
911 2686 1017 2738 incertis
1033 2702 1123 2737 errans
1140 2684 1259 2750 sedibus,
1278 2684 1323 2737 sed
1340 2700 1374 2737 ea

270 2757 426 2822 tempestate
442 2753 496 2806 late
511 2755 594 2808 lusum
611 2772 659 2825 per
675 2760 774 2809 tractes
791 2772 807 2808 a
824 2755 953 2808 suburbiis
970 2753 1226 2822 constantinopoleos
1243 2770 1323 2823 usqm
1339 2751 1375 2805 ed

270 2819 378 2889 Bizyam
395 2830 424 2876 et
439 2823 507 2877 ultra
524 2824 701 2893 pertinentes3
718 2842 765 2895 per
781 2842 847 2895 quse
864 2824 921 2877 loce
937 2824 988 2876 iam
1005 2821 1165 2893 multiplicati
1182 2838 1261 2890 supra
1271 2820 1375 2873 modum

270 2891 385 2959 suspecti
408 2891 499 2945 merito
524 2899 616 2959 eraut,
640 2910 673 2946 ne
691 2911 748 2947 mox
765 2894 902 2963 irrupturis
926 2891 1016 2963 (quod
1041 2894 1244 2961 expectabatur)
1268 2890 1376 2959 Scythis

269 2958 339 3011 vires
361 2960 430 3013 baud
452 2960 566 3013 modicas
587 2962 773 3032 adiungerent,
798 2963 824 3015 in
848 2968 936 3031 partes
957 2979 1044 3015 eorum
1067 2962 1137 3013 vitae
1160 2960 1326 3012 similitudine
1342 2976 1376 3012 ac

270 3028 339 3080 torte
362 3028 469 3096 originis
491 3032 663 3085 communione
686 3031 782 3096 tractl;
824 3032 902 3101 nippe
926 3046 1032 3101 quorum
1050 3046 1101 3083 non
1118 3030 1194 3083 facile
1211 3028 1377 3081 numerabilis

271 3096 405 3148 multitudo
425 3098 565 3166 terebatur,
582 3099 722 3154 inventutis
739 3102 773 3153 ad
790 3102 814 3153 la
834 3118 904 3154 orum
920 3100 1068 3169 patientiam
1086 3100 1194 3152 duratae
1210 3096 1377 3151 incommodis

271 3164 431 3219 educationis
457 3166 525 3220 baud
548 3169 643 3233 mollis,
666 3171 761 3239 qnippe
781 3170 806 3221 in
829 3169 908 3231 loeis,
933 3169 977 3221 ubi
995 3170 1105 3221 libenter
1127 3169 1238 3237 degunt,
1263 3164 1374 3233 asperis.

270 3250 319 3288 mec
335 3234 443 3288 deerant
459 3252 521 3305 opes
538 3255 554 3289 e
570 3248 697 3306 prouentu
715 3254 823 3305 gregum
845 3246 873 3287 ct
896 3244 1081 3301 armentorum,
1120 3255 1170 3290 uae
1191 3252 1323 3289 numerosa
1345 3232 1376 3285 im

270 3303 347 3358 laetis
373 3303 476 3372 pascuis
499 3305 611 3359 alebant.
647 3313 775 3376 postremo
799 3323 847 3359 nec
864 3306 1027 3360 inexercitati
1045 3308 1077 3359 ba
1129 3314 1204 3359 netur
1220 3302 1377 3358 militaribus

270 3372 457 3437 ῐααατὶοιτῐλναι,
480 3390 587 3443 quarum
604 3393 654 3429 neu
671 3376 814 3428 rudimenta
831 3376 911 3429 solum
927 3394 1023 3444 ponere
1042 3376 1110 3429 soliti
1128 3384 1202 3429 erant
1220 3371 1377 3457 quotidianis

270 3443 407 3495 recumbes
428 3445 559 3509 terarum,
584 3444 637 3499 sed'
653 3445 829 3513 experimenta
853 3447 930 3497 etiam
955 3448 1033 3498 edere
1049 3446 1148 3499 crebris
1164 3462 1213 3497 nec
1230 3440 1377 3497 infelicibus

271 3522 363 3567 conus
379 3512 449 3565 uiros
466 3522 579 3566 armatos
597 3515 785 3567 certaminibus.
808 3514 866 3566 huic
882 3514 997 3585 periculo
1014 3514 1199 3583 praevertendo
1216 3515 1287 3565 iectu
1305 3510 1378 3579 opti-

270 3597 338 3634 mum
362 3580 465 3651 putavit
489 3589 591 3650 gentem
615 3582 691 3635 istam
715 3600 747 3635 ex
765 3583 880 3637 Occidue
904 3586 1049 3637 continente
1065 3584 1093 3635 in
1110 3582 1272 3635 Orientalem
1286 3586 1376 3633 trene-

268 3651 354 3715 lerre‚
379 3650 556 3720 collocareque
572 3658 645 3704 treme
661 3654 755 3705 fretum
771 3652 798 3705 in
816 3668 862 3706 ora
881 3652 1040 3720 Byzantinos
1056 3654 1167 3705 adversa
1185 3650 1301 3715 civitati,
1327 3646 1378 3701 secl
1453 3716 1456 3721 Ι

269 3727 298 3771 et
314 3718 418 3789 ἰαιαρετ
435 3729 575 3774 emouere
591 3720 677 3773 multis
693 3730 722 3775 et
738 3722 927 3775 extorsionibus
944 3740 1006 3792 opes
1022 3722 1138 3781 illorum,
1165 3740 1198 3774 ne
1218 3718 1313 3773 conscii
1336 3718 1378 3768 xl-

269 3789 335 3841 rlnm
366 3789 527 3859 propriorum
553 3788 593 3841 sui
615 3806 719 3844 numero
742 3798 770 3843 et
793 3808 907 3844 annonae
932 3792 1005 3861 copia
1032 3791 1203 3860 superbirent.
1238 3796 1379 3854 utrumque

271 3866 377 3909 strenue
393 3860 505 3912 iactum:
529 3858 587 3912 binc
602 3858 671 3912 enim
688 3860 802 3914 noxiosis
819 3862 908 3914 allecti
926 3862 1023 3913 demnis
1042 3869 1102 3913 suut
1121 3858 1263 3912 immanium
1281 3856 1379 3909 acerba

265 3927 408 3980 ‚exactione
423 3928 585 3993 tributorum,
602 3934 629 3982 et
644 3929 880 3983 immisericorditer
898 3930 981 3983 coacti
999 3930 1075 3983 aedes
1093 3936 1165 3982 bane
1181 3928 1380 3998 Hellespontum

272 3994 361 4059 ferre„
385 3998 453 4065 quod
472 3999 522 4051 illis
539 3998 604 4051 oruni
626 3999 820 4052 contributionis
842 4000 935 4052 iniuria
959 3999 1089 4053 molestius
1115 3998 1239 4065 contigit:
1264 4010 1322 4049 uam
1348 3998 1380 4046 et

272 4062 407 4118 occasione
423 4066 665 4137 menemigratiouim
693 4069 830 4121 festinatae
846 4069 997 4137 praesertim
1016 4068 1166 4137 urgentibus
1182 4064 1317 4136 implacide
1333 4079 1380 4115 se·

273 4133 413 4201 tellitlbus,
438 4136 574 4207 plerasque
589 4146 793 4207 comparatsmm
812 4138 990 4206 longanum,
1014 4138 1060 4191 ubi
1076 4138 1211 4201 vixerant,
1233 4150 1284 4187 non
1301 4130 1380 4202 parvi

273 4200 353 4275 prelii
373 4219 473 4268 mrum,
500 4223 566 4275 ques
588 4214 767 4276 transportare
790 4206 858 4259 baud
881 4212 938 4259 erat
960 4205 1050 4273 facile,
1079 4206 1173 4277 partim
1196 4202 1307 4275 perdere
1334 4200 1379 4253 vel
1445 4225 1448 4235 ·

273 4278 368 4344 ιριαετ
382 4272 546 4345 Quemne
562 4279 608 4330 rel
622 4274 720 4347 rapinis
736 4274 928 4349 opportunitate
947 4276 1073 4331 utentium
1096 4276 1195 4341 mrum,
1218 4272 1314 4344 parom
1329 4267 1382 4323 ds·-
