3009 4900
443 321 523 392 ete.
547 319 574 392 1.
626 319 907 390 Geossemmtt.
1152 323 1226 394 715

109 497 166 545 eet
180 483 326 564 (dioniius
339 503 401 550 ooe.
413 503 483 546 curn
496 485 632 546 Romsno
643 484 802 564 exercitu),
820 496 953 565 pontem,
974 487 1050 566 petio
1061 483 1141 548 vodo
1156 507 1229 548 nne-

111 593 227 653 quam
250 573 402 630 troneitue
424 581 506 649 erar,
524 573 636 648 soom
653 573 800 635 instituit.
851 573 1024 652 Sangarius
1048 595 1084 632 ex
1108 571 1229 633 Adoreo

111 668 229 716 monte
249 677 305 737 per
321 656 494 734 Phrygiam
511 657 614 734 fluens
632 659 775 716 miscetur
793 653 838 714 od
855 657 1037 736 Bithyniam
1061 657 1232 737 Diymbreti

102 743 242 822 fluvio,
263 739 336 800 inde
354 744 455 800 maior
474 743 541 800 iam
557 743 725 820 geminetis
744 744 838 820 aquis
853 763 910 822 per
925 741 1108 821 Bithyniam
1124 743 1232 822 ser-teu

15 882 16 889 ,
115 838 151 885 es
171 829 209 886 ire
219 823 438 906 diomedem
455 846 517 885 esee
530 827 675 909 effursdit,
696 847 756 888 reon
773 837 838 885 tum
852 826 1066 908 magnitudine
1081 849 1232 888 numero·
1348 873 1354 884 .

117 911 204 970 bilis
217 931 313 992 quom
327 909 556 992 quodpieoium
571 913 685 972 amotis
698 915 849 992 ingentem
865 916 928 972 vim
940 913 1073 991 praebet.
1115 913 1157 974 ite
1172 913 1233 976 illo.

217 993 442 1060 Hossedseie
464 1017 494 1078 p·
508 1001 573 1064 268
585 1017 615 1058 v.
628 998 678 1063 16.
720 997 802 1076 qood
815 997 846 1056 in
861 999 955 1076 priori
964 997 1112 1058 Gloessrio
1126 999 1233 1060 edmo-
1250 1002 1272 1056 P
1289 999 1340 1056 tos

118 1081 248 1157 nehem,
268 1083 300 1140 in
312 1082 461 1162 prioribus
473 1101 528 1142 sex
537 1082 623 1142 libris
638 1081 729 1143 huius
742 1081 884 1142 historiis
897 1083 1058 1144 desidersri
1070 1083 1235 1164 Pecbyme-

118 1169 250 1228 risuum
263 1168 390 1245 dugenti
404 1168 512 1228 mensis
522 1187 647 1242 nomen,
668 1162 858 1248 preponendo
873 1169 932 1227 suit
946 1163 1091 1249 σφάλμα,
1112 1179 1149 1230 ut
1162 1191 1235 1230 mox

124 1252 240 1315 dium.
288 1262 369 1312 certe
394 1251 541 1312 hocloco
559 1253 769 1326 Ποσειδεῶνος
787 1253 935 1314 vocsbnlo
956 1253 1044 1333 plene
1065 1256 1184 1313 seeee’ie'e
1205 1264 1236 1315 et

124 1337 297 1418 Augustus
315 1337 426 1398 Ietinis
443 1338 540 1398 dictus
554 1338 663 1398 mensis
684 1337 874 1418 exprimitur.
915 1337 948 1398 id
968 1339 1154 1400 demonstret
1173 1361 1236 1400 non

124 1423 223 1482 modo
242 1441 330 1499 quem
346 1424 488 1483 oontinuo
510 1432 615 1483 sueton
634 1421 773 1500 edhibet,
793 1423 935 1484 indicatio
951 1425 1134 1506 tempestatis
1155 1425 1257 1502 smri,.

127 1527 193 1587 qus
206 1506 347 1568 nimirum
365 1508 405 1568 ab
425 1511 543 1568 aestiuo
560 1505 687 1566 cordine
700 1506 745 1568 nd
756 1511 1010 1588 aequinoctialem
1023 1512 1074 1568 sol
1084 1507 1234 1570 declinat:

125 1593 186 1652 sed
199 1594 279 1652 ciere
292 1593 387 1654 Vetie.
405 1591 545 1674 persphr.
558 1593 706 1673 exprimit,
729 1594 772 1652 sic
782 1593 824 1653 ibi
837 1594 980 1655 scribens:
999 1589 1067 1660 τότε
1079 1593 1112 1658 di
1125 1589 1234 1676 ieeoirp

126 1676 184 1740 seni
200 1678 322 1763 eieoorp'
332 1680 391 1742 rosi
400 1673 579 1761 Atyoieeov
593 1673 695 1758 μηνός.
737 1688 954 1740 mernorsveret
967 1690 996 1740 et
1011 1678 1094 1740 huno
1105 1699 1235 1740 mensem

126 1763 220 1824 vol.l
239 1782 271 1842 p·
285 1763 348 1828 493
361 1783 392 1826 v.
409 1768 429 1828 8
451 1772 566 1840 noster,
585 1765 655 1824 lieet
668 1783 721 1843 ego
735 1783 789 1842 per
800 1763 989 1840 oblivionem,
1009 1767 1057 1825 uti
1068 1765 1125 1826 ism
1139 1767 1235 1826 sessus

127 1869 217 1924 sum,
238 1847 322 1910 vol]
339 1868 369 1928 p.
388 1853 452 1914 692
469 1849 636 1929 scripserim
648 1849 774 1928 Augusti
790 1847 1053 1928 Psohymerisnum
1074 1869 1181 1909 nomen
1200 1851 1235 1910 in

130 1953 170 1993 eo
181 1933 334 1994 volumine
345 1953 493 2012 nueqnem
504 1944 618 1994 extero.
658 1935 701 1994 sio
713 1935 792 1994 enim
803 1935 845 1994 ibi
857 1934 975 1996 scribite
996 1931 1063 1999 τότε
1078 1932 1111 1997 di
1125 1939 1236 1999 Ποσει·

130 2021 249 2092 δεοῖοος
263 2013 460 2104 ieeosdseoiep
480 2015 554 2099 pessi
570 2017 627 2098 reio
643 2023 698 2098 τῆς
709 2013 859 2084 θεοτόκοο
873 2014 991 2100 ἑορτήν.
1032 2019 1131 2096 ibique
1147 2020 1234 2080 embo

131 2103 252 2164 oodiees
267 2103 372 2182 optimi
384 2103 559 2164 sdseribunt
578 2123 648 2164 ores
666 2105 806 2182 merginis
821 2099 1012 2185 Αόγοῦοτος,
1033 2115 1064 2164 et
1077 2105 1235 2166 Vaticanus

133 2190 233 2250 solnm
244 2186 279 2246 id
291 2208 399 2249 nornen
413 2189 445 2250 iu
459 2199 635 2250 oontextum
649 2191 764 2269 recipit.
808 2189 1051 2268 demonstratque
1063 2189 1142 2250 idem
1157 2191 1237 2266 setis,

133 2285 172 2334 nt
187 2273 244 2332 slis
258 2273 367 2334 indicis
380 2275 529 2352 deessent,
550 2274 633 2354 quod
648 2285 761 2334 sextern
780 2273 923 2334 decimam
939 2276 1020 2336 illem
1034 2276 1117 2336 ouius
1131 2276 1238 2336 memi-

136 2359 184 2418 nit
204 2357 282 2417 diem
308 2359 441 2420 illuxisse
470 2361 515 2420 eit
532 2360 684 2440 postridie
702 2359 785 2438 fseti
806 2358 963 2440 deiparae,
989 2361 1111 2422 meximi
1132 2379 1240 2440 nempe

135 2443 270 2507 omnium
280 2443 391 2507 Merite
407 2446 512 2507 metris
527 2445 576 2507 dei
589 2447 671 2523 sesti,
694 2444 778 2524 quod
792 2446 836 2507 sio
854 2466 907 2526 per
926 2446 1160 2509 sntouomesiem
1176 2447 1241 2507 sine

136 2530 241 2590 addito
254 2540 400 2607 vooetur,
420 2550 525 2611 nempe
540 2531 749 2612 resumptionie
759 2532 821 2591 eius
839 2532 872 2591 in
885 2533 1016 2612 coelum,
1037 2531 1118 2611 quod
1135 2532 1240 2593 Grseci

133 2617 221 2677 iuste
251 2634 322 2675 eum
343 2617 455 2677 Letinis
477 2617 527 2677 die
546 2619 672 2697 Augusti
699 2616 808 2677 mensis
835 2618 1051 2695 quintadecima
1080 2616 1241 2677 eelebrent.

135 2711 181 2761 eet
196 2710 297 2761 temen
311 2703 365 2763 ubi
378 2702 574 2783 Pechymeres
588 2724 606 2761 e
624 2703 731 2781 seipse
745 2702 966 2780 quodammodo
982 2702 1136 2777 deficiens,
1157 2711 1188 2761 et
1201 2722 1241 2763 ex

136 2788 240 2862 simne,
260 2796 299 2847 ut
311 2788 433 2869 opinor,
453 2788 545 2867 megis
560 2808 650 2866 quem
668 2806 706 2845 ex
719 2787 841 2866 proprie
852 2786 1012 2861 sententie,
1033 2804 1162 2845 mensem
1174 2785 1240 2846 Δο-

137 2882 255 2953 gnetum
268 2891 330 2931 non
346 2874 542 2937 Heessdseive
553 2872 607 2932 sed
620 2874 888 2951 Μοιμοκτηοοοῖοο
901 2864 970 2933 ees'
981 2864 1165 2949 Ἀθηναίους
1179 2890 1238 2931 vo-

138 2966 202 3032 est,
222 2976 252 3035 p.
268 2960 331 3022 382
347 2978 377 3019 r.
392 2964 443 3025 19.
484 2960 516 3017 in
538 2976 625 3035 quem
638 2957 738 3017 locum
757 2954 826 3016 ride
841 2976 917 3033 quse
935 2964 1111 3015 ennotsmus
1130 2956 1164 3015 in
1180 2952 1239 3017 hoc

139 3042 203 3122 ipso
215 3042 381 3121 Gieeserio,
402 3040 496 3105 verbo
509 3041 770 3125 Meepoeeppsoie,
791 3050 823 3101 et
841 3040 896 3109 1.ss
916 3041 1025 3103 harum
1045 3041 1239 3103 Observetio-

139 3146 212 3187 uum
224 3125 282 3191 o.4
299 3148 329 3187 n
346 3128 376 3195 6.

222 3212 410 3293 seprienses
430 3234 462 3293 p.
477 3217 540 3281 209
554 3232 585 3274 v.
603 3218 654 3279 11.
697 3210 840 3273 dicuntur
856 3210 907 3271 hic
920 3204 1061 3293 epiroten
1068 3214 1238 3291 pensionee,

140 3316 213 3376 quse
227 3298 277 3358 vel
288 3299 320 3357 in
335 3299 501 3359 mercedem
516 3317 623 3378 operes
636 3297 799 3378 presseritis
811 3296 860 3357 vei
874 3297 905 3355 in
917 3296 1081 3376 proemium
1093 3298 1237 3376 prseteri-

140 3394 188 3443 tse
204 3384 386 3442 merentibus
400 3393 453 3444 eut
466 3386 626 3444 emeritiee
641 3382 761 3464 publico
776 3382 950 3459 solvuntur,
971 3382 1072 3460 queles
1091 3380 1239 3459 hodieque

143 3470 178 3527 sb
190 3468 271 3528 ltslis
284 3478 316 3526 et
329 3468 419 3529 Gellis
427 3472 611 3548 premieiorei,
629 3471 804 3549 proeieiens
816 3468 941 3529 vocitari
956 3468 1102 3531 eudimus.
1145 3488 1239 3527 enno-

143 3566 217 3613 tssse
227 3554 286 3612 iem
298 3551 358 3613 hoc
377 3553 573 3615 debueramus
589 3555 620 3613 in
638 3555 713 3613 tomi
727 3554 837 3634 prioris
850 3554 1015 3613 Glosesrio:
1035 3554 1150 3634 saepius
1163 3552 1242 3611 enim
1297 3551 1301 3560 '

143 3640 171 3697 in
189 3636 314 3698 historie
333 3638 485 3699 Micbsilis
505 3650 607 3700 noster
627 3639 708 3699 hene
726 3658 831 3701 vocem
853 3640 910 3699 ists
932 3639 1055 3699 notione
1075 3638 1242 3715 usurpavit,

143 3742 214 3802 quse
228 3725 260 3783 in
275 3724 401 3785 classicis
411 3745 474 3785 non
485 3726 635 3805 reperitur
650 3724 833 3785 sectoribus.
875 3744 970 3785 unum
988 3723 1038 3783 hic
1055 3742 1071 3781 e
1089 3723 1191 3783 multis
1209 3722 1243 3780 in

143 3810 287 3891 specimen
299 3809 399 3869 locum
411 3830 537 3890 ponem,
557 3832 588 3891 p.
605 3815 644 3876 16
657 3830 690 3871 v.
706 3814 739 3875 9:
761 3810 919 3892 προνοίαις
937 3803 968 3874 d'
987 3808 1021 3871 ἐκ
1036 3802 1152 3871 τούτων
1172 3802 1244 3879 eosic

142 3893 366 3975 ἐπιδοξοτὲοοος
380 3895 433 3959 sei
449 3890 496 3971 οἷς
516 3900 653 3978 eoipoiee
668 3889 703 3960 si
720 3888 867 3979 φρόνημα
888 3888 1060 3977 γράμμασιν
1072 3892 1244 3974 idnposiero

162 3976 314 4055 e'etietteic.

143 3982 162 4060 β
225 4064 502 4147 προοοομίζωο
521 4086 553 4146 p.
566 4068 630 4131 616
646 4082 676 4126 v.
691 4064 721 4131 6.
765 4073 871 4125 contre
891 4082 986 4123 meam
1003 4060 1093 4122 huius
1111 4060 1168 4119 loei
1190 4077 1244 4119 ex.

145 4148 335 4229 positionem,
358 4170 417 4228 qus
435 4150 674 4233 sepoeeopitoees
691 4148 876 4209 sacerdotem
888 4149 1082 4208 celebrantem
1095 4145 1247 4225 interpre-

145 4243 222 4294 tetus
237 4255 322 4312 sum,
345 4254 438 4314 greve
449 4245 529 4296 stere
546 4235 764 4315 preeiudioium
784 4235 873 4297 video
892 4232 1020 4301 hominis
1041 4232 1144 4311 utique
1158 4230 1246 4291 valde

147 4318 223 4380 docti
242 4328 274 4381 et
289 4339 308 4380 s
326 4339 375 4381 me
395 4340 509 4402 semper
526 4341 595 4383 cum
611 4340 667 4383 suo
685 4329 752 4381 tum
769 4318 815 4381 sui
835 4320 949 4383 ordinis
970 4318 1077 4385 merito
1096 4314 1246 4399 permsgui
