3009 4900
369 341 447 412 hill.
465 343 523 414 ΠΙ.
574 345 940 418 OERONOLOGICUS.
1040 373 1043 378 ·
1129 349 1202 422 833

29 535 36 572 ι
57 510 103 568 in
122 511 307 588 Rescripto
322 509 360 570 erl
375 508 535 570 Bneebinm
549 529 578 575 e.
589 507 635 578 46
651 509 821 592 deeuipto,
841 531 903 592 que
918 511 1084 592 imperetur
1100 525 1135 574 nt
1148 537 1199 574 ec-

29 623 35 660 ι
60 597 206 656 etesiae
225 595 463 656 Christieeerom
476 595 587 676 ubique
598 606 721 674 sumptu
735 597 858 676 publico
871 597 1082 676 sedilieeutur,
1104 599 1138 659 lit
1152 603 1199 658 di.

61 681 207 740 stinctn
228 681 341 740 mentio
353 680 509 757 dremnis,
528 699 618 759 quern
632 678 820 742 hinloennes
831 683 954 760 ligatum
966 694 1119 745 memoret.
1155 687 1200 744 sie

62 767 168 824 enim
201 767 271 826 illic
293 765 507 827 constentinus
525 765 680 845 loquitur:
699 767 770 829 evol
786 764 821 830 tt
834 773 889 847 τῆς
903 766 1076 850 ileoheptee
1088 763 1200 832 rinole-

63 853 223 929 θείσης,
245 849 297 913 eei
315 855 371 913 resi
395 846 559 935 ipieoeror
581 850 700 914 ἰκτῖνον
722 845 784 916 rinei
800 855 854 931 τῆς
871 857 933 914 reio
949 857 1062 917 κοινῶν
1086 849 1200 934 διοική-

29 918 36 957 ¹
66 955 162 1008 οεως
194 941 257 998 τοῦ
281 939 362 1000 θεοῦ
378 941 433 998 τοῦ
454 937 594 1016 μεγίστου
610 938 757 1022 neovoip,
782 931 963 1023 p‘pseiepi’
984 937 1133 1024 ὑπηρεσίᾳ
1155 940 1200 1002 le·

29 1007 35 1044 ¹
68 1020 303 1100 ὄιωχθὲνιος,
337 1041 422 1079 nuno
450 1031 553 1080 autent
584 1021 724 1080 libertate
751 1021 897 1097 reddita,
926 1035 955 1083 et
985 1021 1115 1082 drocone
1142 1026 1197 1082 illo

30 1110 35 1131 ¹
70 1105 269 1183 (Licinium
293 1106 393 1166 innuit
410 1105 600 1166 idololstriee
619 1105 841 1190 promotorem)
872 1107 913 1167 ab
932 1106 1197 1168 administratione

30 1184 31 1215 ³
72 1211 198 1248 rerum
213 1189 264 1252 <tsi
274 1193 404 1250 maximi
412 1189 608 1270 providentia
621 1202 650 1250 st
661 1203 764 1251 nosve
776 1196 943 1252 ministerio
958 1191 1078 1252 deiecto.
1123 1215 1199 1253 corr⁴

30 1269 33 1304 ⁸
75 1276 231 1353 tigeruut
247 1275 304 1334 iste
319 1277 398 1336 circe
416 1276 526 1338 Christi
540 1297 653 1337 ennom
668 1281 740 1342 820.
784 1277 855 1338 inde
874 1297 928 1358 per·
949 1278 1032 1338 mille
1053 1299 1148 1340 enites
1165 1281 1197 1339 in

30 1360 31 1391 ³
78 1362 181 1440 plenu
207 1361 394 1440 possessione
414 1362 524 1422 libem
546 1361 630 1442 pecie
647 1362 727 1422 intre
746 1361 904 1442 imperium
927 1364 1092 1424 Romanum
1112 1364 1197 1424 Chri-

80 1447 191 1504 stiane
214 1447 320 1522 religio
343 1447 524 1528 permensit,
543 1467 651 1526 nempe
671 1467 765 1526 nsque
783 1448 823 1506 sd
845 1467 957 1508 enuum
975 1447 1087 1508 Christi
1106 1453 1196 1522 1320,

83 1551 152 1609 quo
182 1539 336 1611 tempore,
366 1540 401 1594 nt
422 1531 571 1608 sitimus,
601 1531 765 1592 Othmenes
788 1531 908 1592 exitiele
927 1531 1038 1593 Christi
1058 1533 1197 1612 religioni

84 1615 242 1674 sundevit
260 1616 433 1696 imperium,
454 1617 654 1678 semustum
668 1616 847 1702 llehnmetis
865 1617 1106 1694 superstitionem
1125 1621 1198 1679 orbe

87 1702 191 1760 ferme
212 1710 280 1761 tote
304 1711 552 1781 propagaturum,
575 1720 613 1762 ex
629 1721 687 1781 que
705 1721 767 1762 nou
783 1703 882 1764 minus
898 1703 961 1762 iere
974 1702 1022 1763 dei
1036 1723 1126 1782 regno
1140 1705 1196 1762 de-

88 1787 275 1846 trimentum
295 1807 385 1866 quens
404 1806 443 1848 ex
463 1787 665 1848 innolescente
684 1807 721 1847 ee
739 1787 868 1848 subnixe
882 1787 954 1848 olim
967 1807 1071 1867 regum
1089 1788 1196 1867 opibus

89 1872 272 1931 idololotria
298 1872 418 1954 illitum
444 1880 498 1936 eet.
541 1873 668 1933 accunt
696 1871 775 1932 cisun
802 1873 881 1932 idem
907 1883 1025 1952 tempus
1046 1893 1196 1949 emergens

91 1956 218 2015 Wicleii
229 1956 374 2031 haeresis,
395 1957 428 2017 in
445 1958 584 2017 loannem
605 1955 712 2017 deinele
734 1957 813 2033 llus,
834 1957 1015 2035 botherum,
1038 1957 1198 2017 Calvinum

93 2042 232 2120 aliosque
246 2051 414 2120 propegete.
446 2043 575 2120 denique
589 2043 668 2102 eirca
682 2043 760 2104 idem
777 2053 894 2123 temper
908 2043 1104 2104 seminarunt
1118 2043 1197 2101 incte

93 2127 180 2204 longi
202 2125 370 2186 selsismetis
388 2137 458 2208 post
474 2127 590 2188 obitum
612 2127 751 2204 Gregorii
766 2129 807 2188 Xl
828 2148 988 2207 perennes
1003 2147 1094 2206 supre
1111 2149 1196 2186 sexe-

96 2213 181 2290 giute
207 2213 356 2272 Romaene
381 2213 461 2274 sedis
488 2213 713 2287 auctoritatem,
747 2233 807 2290 que
830 2222 951 2272 eetenue
979 2213 1196 2272 ecclesiastieae

98 2296 291 2356 monerelsiee
314 2298 396 2358 selus
417 2305 556 2372 sisteret,
585 2297 836 2376 perniciosissime
858 2297 1077 2358 leheleeteturi.
1122 2297 1197 2356 hteo

98 2381 191 2440 simul
208 2381 265 2440 trie
281 2383 357 2440 mele
372 2381 531 2444 millesimo
545 2391 680 2444 vertente
695 2391 765 2463 post
778 2402 879 2462 penem
895 2404 912 2440 e
930 2381 1127 2442 Constantino
1143 2383 1195 2440 ‹le-

100 2477 161 2525 tem
178 2481 257 2525 enno
271 2469 438 2527 exorientis
446 2512 456 2543 ,
475 2468 625 2529 relatione
640 2469 724 2549 prius
737 2468 821 2546 ligsti
832 2470 958 2533 Setenee
971 2490 988 2527 e
1003 2478 1106 2529 sancto
1126 2478 1197 2529 vete

101 2552 301 2629 designentur.
342 2552 376 2612 id
403 2572 494 2629 vero,
524 2553 606 2633 qued
628 2553 667 2613 ed
689 2563 822 2613 nostrum
848 2552 1056 2635 propriorem
1079 2554 1197 2627 attinet,

102 2636 266 2697 adstruitur
294 2658 333 2697 ex
356 2656 391 2697 eo
411 2639 492 2717 quod
512 2638 604 2699 Turni
621 2638 803 2699 Ottomenioi
824 2638 861 2697 eb
886 2638 1023 2699 omnibus
1047 2638 1197 2697 hibentur

104 2724 224 2801 originis
234 2722 400 2803 Scythicae.
440 2722 570 2802 Scythes
582 2734 680 2783 eutem
694 2743 734 2783 ex
745 2723 847 2801 Megog
859 2724 990 2783 emendo
1003 2722 1066 2781 filio
1080 2720 1195 2801 lepheti

104 2818 261 2869 memorato
275 2809 352 2868 Gen.
361 2813 400 2872 10
413 2805 435 2871 4
449 2808 602 2887 prepe'geti
612 2806 693 2867 heud
707 2808 799 2865 dubie
813 2807 986 2869 ereduntur.
1007 2806 1086 2865 idem
1102 2826 1193 2885 perro

104 2894 204 2971 Megog
218 2895 282 2971 Gog
298 2912 415 2973 quoque
431 2893 528 2953 dictus
544 2912 598 2971 per
611 2910 776 2970 epocopen,
794 2901 939 2970 eoeupete
950 2890 1077 2950 ooloniis
1091 2891 1194 2969 Lydis,

107 2980 198 3056 Gyges
211 2980 390 3039 Greecorum
405 2977 501 3038 literis
513 2977 679 3057 eppelletus
692 2976 794 3038 fuerit.
825 2975 895 3036 hine
910 2976 1022 3036 Plinius
1036 2975 1057 3036 l.
1071 2976 1092 3040 5
1110 2997 1136 3035 c.
1150 2980 1194 3041 28

105 3064 283 3141 Hierapolim
309 3064 412 3143 syrtes
438 3064 549 3123 dictem
580 3083 598 3119 e
623 3062 710 3141 Syris
732 3062 852 3141 Mogeg
877 3070 1022 3137 testetur,
1050 3061 1193 3121 nimirum

107 3149 239 3225 quonism
259 3168 293 3207 ee
314 3149 438 3222 ciritns,
468 3158 503 3208 ut
526 3148 615 3207 decet
633 3146 780 3207 Lneisnne
806 3146 885 3206 libre
907 3148 945 3207 de
965 3148 1019 3207 dee
1042 3148 1145 3225 Syris,
1175 3166 1193 3205 e

107 3233 278 3293 lleucslious
294 3231 461 3294 Promethei
472 3233 537 3301 eive
553 3233 668 3311 Megogi
684 3242 735 3291 ent
749 3231 826 3309 (legi
843 3231 925 3308 tilio,
948 3230 1124 3311 Scytharum
1138 3250 1193 3289 eu-

108 3328 199 3394 olore,
219 3319 259 3379 sit
281 3319 412 3381 condite.
455 3338 531 3397 quse
550 3315 598 3379 his
618 3318 756 3395 edlmegit
774 3317 899 3377 leennee
919 3316 957 3377 de
978 3317 1053 3377 netis
1075 3317 1140 3395 Gog
1163 3326 1194 3375 et

108 3403 204 3481 Megog
222 3424 356 3483 meguem
379 3402 491 3463 hebent
508 3423 578 3463 cum
606 3403 734 3463 narretis
756 3403 793 3463 de
814 3403 904 3481 gestis
931 3401 1193 3463 Ottomenioorum

109 3489 269 3568 principum
282 3488 517 3549 similitudinem.
547 3488 677 3568 primum
692 3489 733 3547 sit
743 3485 973 3568 congregandos
986 3490 1019 3548 in
1027 3488 1192 3568 praelium,

112 3594 228 3652 quornm
248 3594 392 3633 numeros
411 3578 491 3634 sicut
512 3596 621 3633 arenae
642 3576 757 3649 moris,
786 3592 898 3633 morem
923 3575 1047 3635 istorum
1064 3574 1192 3632 innuens

112 3660 353 3719 numerosissimos
374 3659 510 3719 erureudi
531 3660 690 3719 exercitus.
731 3658 817 3719 eddit
837 3670 866 3717 et
887 3658 1086 3717 ascenderunt
1103 3678 1192 3737 super

113 3743 293 3802 latitudinum
306 3756 413 3804 terrae.
455 3746 576 3825 Europe
588 3744 713 3825 originis
728 3744 860 3803 Grseoee
870 3762 978 3803 nemen
995 3754 1039 3803 est
1053 3763 1091 3801 ex
1105 3735 1193 3821 stipor

35 3872 38 3876 .
114 3828 231 3887 latitesdo
248 3838 278 3887 et
295 3825 340 3902 to
357 3823 432 3902 ὀπός
446 3833 557 3887 terror·
569 3850 637 3888 nem
654 3828 713 3887 hoc
728 3828 878 3889 vooehulo
895 3827 1075 3906 designatum
1094 3828 1192 3906 Cybe-

114 3914 172 3985 len,
191 3934 259 3993 quse
273 3918 373 3973 eedem
396 3916 538 3973 'I'elloset
553 3923 646 3973 mater
661 3935 782 3992 magne,
805 3914 884 3993 npud
907 3923 1022 3972 veteres
1042 3912 1190 3971 videmus.
1221 3962 1224 3969 ,

114 4000 184 4057 unde
202 4001 302 4077 inopes
323 4000 481 4061 defunctos
499 4000 679 4081 insepultos,
702 4000 755 4079 qui
769 4007 849 4060 terre
865 4008 982 4077 carent,
1003 3996 1145 4076 Virgilius
1159 3998 1192 4056 iu

117 4086 134 4147 6
148 4086 206 4143 hen.
219 4094 306 4143 vocet
320 4086 373 4142 illo
389 4105 480 4144 versu

258 4168 333 4227 haer
343 4174 442 4228 omnis
456 4189 548 4249 quam
561 4170 659 4228 canis
672 4170 762 4249 inops
773 4166 994 4247 inhumataque
1007 4165 1098 4225 turba
1111 4177 1163 4226 est.

117 4258 142 4308 et
158 4251 293 4311 Ausonius
316 4255 349 4313 in
367 4256 489 4315 Mosella
511 4256 549 4314 de
566 4255 679 4315 ossibus
691 4253 906 4333 insepultorum
921 4254 953 4311 in
969 4252 1065 4333 campi
1078 4272 1192 4335 super-

117 4335 171 4394 ficio
181 4339 332 4397 iacentium

151 4429 268 4499 Georgius
290 4430 459 4499 Perimes
483 4432 520 4484 ll.
945 4423 987 4489 58
