3009 4900
242 237 315 310 808
536 233 772 304 ousunvtr.
795 233 1032 307 uacuum.

242 401 358 466 tissime
379 401 593 484 deprehendit,
617 401 647 462 in
664 401 770 462 urbem
791 400 925 462 Sineaeis
938 399 1023 480 regni
1032 400 1226 462 &mmm
1244 388 1328 452 sub
1340 387 1415 452 h

241 489 312 549 snni
333 487 446 551 Christi
465 486 547 554 1605
572 487 757 568 perveniens.
799 487 927 566 denique
946 485 980 548 id
1001 485 1108 568 ipsum
1139 476 1420 544 dimeter

242 573 405 657 pharagius
424 573 496 634 alibi
519 582 651 648 testatur,
673 591 781 652 nempe
795 593 824 652 p.
838 571 898 638 351
916 571 1006 632 huius
1020 572 1130 651 ipsius
1151 567 1234 628 nui
1253 562 1432 623 (Σιωπὴ

328 659 380 720 vt.
422 657 480 718 tlte
496 665 610 717 metere
630 656 764 717 breviter
780 655 905 718 secundi
919 655 1159 734 Megarensium
1188 649 1436 732 impes-saeris

142 753 232 808 P686
248 753 316 806 aeta
336 742 510 818 reddemus,
532 762 567 804 eo
588 741 731 802 libentius
750 741 834 822 quod
854 761 929 822 quae
946 739 1054 800 horam
1075 739 1289 821 proxime
1307 753 1440 792 occur-

244 839 335 905 runt,
356 827 551 888 illustrandae
562 826 632 887 hnic
647 837 769 888 nostrae
782 825 1030 907 Pachymerianse
1049 824 1255 886 historiae
1277 842 1371 882 non
1388 841 1442 899 pa·

245 937 315 976 rum
328 913 550 974 accommodate
567 911 844 992 deprehenduntur.
885 931 1068 972 reamume
1081 910 1258 970 Sinensi
1280 905 1444 984 expedi·

245 1001 328 1060 tione
345 1001 475 1058 Kssuam
496 997 732 1078 dbulpheragius
754 1006 899 1058 memorat
916 1001 1007 1056 Bata
1027 996 1092 1055 sive
1110 997 1268 1056 Batus)
1279 1041 1296 1071 ,
1326 991 1447 1050 Tusbi

244 1083 345 1147 fratris
360 1083 407 1144 sui
422 1093 496 1144 natu
511 1083 636 1144 maximi
655 1101 752 1163 nuper
770 1082 883 1142 mortui
897 1080 979 1159 tilio,
997 1101 1202 1140 nummum
1219 1089 1272 1138 et
1291 1077 1445 1137 valida

246 1170 362 1232 dedisse
379 1169 490 1250 copias,
512 1189 581 1228 cum
598 1168 738 1228 mandato
750 1167 972 1249 expeditionem
983 1166 1187 1246 suscipiendi
1208 1165 1266 1224 in
1287 1171 1445 1222 tractus

246 1254 494 1336 septentrionales
517 1261 548 1312 et
575 1253 751 1332 subiugandi
768 1252 972 1327 Sclaveniam,
1008 1251 1175 1328 naman,
1223 1249 1444 1315 Itu-siam,

245 1339 422 1418 bulgariam.
463 1337 545 1397 hisce
561 1337 771 1418 obtemperans
785 1337 932 1398 mandatis
945 1337 1060 1398 Rstuus
1078 1336 1257 1416 ingente·
1275 1342 1443 1394 morra·

244 1425 319 1486 lium
337 1433 448 1502 strages
470 1422 579 1485 edidita
608 1443 695 1499 nam,
723 1432 760 1484 ut
772 1422 814 1484 ibi
828 1424 873 1482 ait
891 1419 1148 1502 abulpharagius,
1179 1441 1296 1480 cum
1318 1421 1438 1478 Kan

244 1507 503 1590 proficiscentibus
527 1507 645 1569 adhoc
667 1507 779 1568 beilum
804 1508 948 1569 militibus
966 1507 1111 1568 edixisset
1132 1516 1173 1566 ut
1199 1505 1435 1567 hominnm

247 1613 322 1673 quos
342 1593 471 1673 quisque
493 1593 643 1656 occideret
659 1614 763 1654 aurem
780 1593 953 1667 dexteram,
982 1593 1022 1651 ad
1039 1593 1197 1652 indicium
1234 1589 1423 1662 numm‘a',

246 1679 372 1740 recisam
395 1697 411 1738 e
432 1677 577 1740 cadavere
597 1699 698 1740 aecum
723 1679 870 1754 auferret,
891 1679 945 1757 qui
969 1677 1055 1738 ferali
1075 1677 1148 1736 huic
1163 1677 1321 1738 cenaui
1338 1674 1422 1734 hs-

247 1763 345 1824 bendo
356 1763 500 1844 praefecti
514 1774 615 1840 erasit,
637 1764 766 1823 ducenta
778 1765 965 1843 septuaginta
986 1761 1144 1823 hominum
1157 1763 1295 1822 mitti·
1314 1759 1412 1818 sosi-

248 1849 317 1910 dem
332 1847 530 1910 exhibitarum
545 1849 717 1910 dextrarum
731 1849 932 1909 auricularum
946 1858 1120 1926 argumento
1131 1852 1409 1928 compererunt

247 1935 317 1994 neci
330 1934 440 1994 tradita
455 1935 555 1998 fuisse.
597 1933 682 1994 addit
694 1933 786 1993 Arabs
798 1933 1016 2010 chronologus,
1037 1953 1071 1992 re
1081 1933 1158 1994 bene
1171 1933 1209 1991 in
1227 1933 1406 1991 Schw-

246 2021 298 2078 nia
317 2028 416 2096 gesta,
449 2019 617 2080 decrevisse
640 2019 769 2078 Batuum
786 2019 901 2078 adoriri
921 2018 1242 2096 contantinopolim,
1283 2025 1327 2076 et
1345 2034 1393 2073 eo

248 2105 347 2164 animo
368 2104 400 2164 in
421 2103 586 2182 Bulgariam
603 2105 740 2164 movisse.
782 2105 835 2164 ssd
855 2103 918 2164 illic
936 2102 1075 2162 habuisse
1089 2105 1199 2162 obvios
1213 2104 1392 2162 Franco-

247 2211 317 2250 rum
333 2209 431 2267 reges,
452 2189 567 2250 honest
582 2190 672 2248 duces
695 2189 868 2250 Latinorum
886 2190 940 2266 qui
965 2198 1040 2246 tunc
1053 2185 1384 2268 Constantinopolim

249 2275 406 2348 tenebant,
428 2275 477 2352 qui
492 2275 695 2352 frequentibus
709 2275 828 2354 praeliis
844 2273 941 2333 victos
954 2273 1142 2350 Moguienses
1163 2285 1258 2353 terga
1284 2270 1383 2330 dare

248 2360 407 2434 coegerunt
420 2359 523 2432 (verba
537 2369 608 2417 eunt
621 2359 850 2438 Abulpharagii)
862 2356 937 2418 adeo
951 2369 986 2416 ast
1000 2358 1041 2414 ab
1052 2359 1103 2416 laia
1117 2357 1376 2416 iswmaiom'bus·

247 2443 360 2499 reuersi
384 2439 584 2519 Megalenses
604 2441 695 2499 houd
716 2446 826 2501 aarum
845 2441 892 2501 ad
903 2443 987 2503 laune
1006 2466 1102 2523 usque
1115 2443 1194 2503 diem
1209 2445 1368 2504 Graeco-

246 2546 316 2583 rum
341 2526 564 2585 Francorumve
588 2529 723 2605 regiones·
749 2532 890 2605 aggressi
905 2532 1042 2604 fuerint.
1088 2531 1144 2589 tali
1173 2531 1360 2589 narratione

245 2610 410 2671 multorum
425 2630 572 2673 annorum
583 2610 660 2671 belia
676 2620 707 2669 et
719 2611 908 2671 incursiones
921 2613 954 2671 in
972 2614 1071 2673 varias
1081 2615 1195 2696 imperii
1208 2610 1347 2672 Romani

247 2696 407 2755 Orientalis
425 2704 541 2777 partes,
563 2696 680 2756 diverso
700 2716 843 2756 successu
861 2718 879 2755 a
890 2696 1110 2777 Mogulenaibus
1132 2708 1266 2773 tentatas,
1285 2697 1347 2754 in·

247 2782 299 2841 nui
313 2782 385 2841 satis
403 2790 545 2862 apparet;
567 2783 646 2842 assde
665 2802 726 2841 non
742 2803 820 2841 vana
834 2782 1007 2845 coniectura
1021 2787 1062 2843 sit
1073 2784 1158 2845 hunc
1171 2782 1345 2843 chcnmmi-

247 2875 369 2926 nantem
383 2868 523 2927 Romania
541 2868 705 2947 provinciis
721 2868 919 2929 Tocharicum
933 2870 1114 2945 tumultum,
1135 2871 1172 2929 ab
1185 2890 1264 2929 suna
1278 2869 1349 2929 cin-

248 2951 324 3012 citer
339 2951 464 3029 Hegirae
479 2955 542 3016 628
557 2954 596 3011 ad
609 2958 682 3028 638,
697 2952 757 3013 hoc
771 2964 816 3013 ast
830 2955 866 3012 ab
881 2974 959 3014 anuo
975 2954 1087 3014 Christi
1102 2959 1184 3020 1230
1198 2954 1237 3013 ad
1250 2956 1348 3029 1240,

248 3036 442 3114 inquietasse,
470 3037 578 3115 partim
597 3037 722 3096 Nicaeae
739 3037 925 3099 dominantes
947 3040 1068 3101 Graecis
1092 3040 1263 3115 Lascarim,
1292 3048 1350 3099 aut

247 3120 414 3199 Batatzam,
444 3122 554 3201 partim
577 3121 774 3202 imperantem
799 3125 1056 3204 Comtantinopoli
1073 3126 1255 3184 Balduiuum
1280 3126 1348 3186 eius

248 3206 377 3266 nominis
395 3208 566 3267 secundum.
609 3208 716 3271 fortius
737 3230 829 3289 porro
852 3230 889 3267 sc
907 3210 1024 3270 felicius
1039 3209 1184 3270 restitisse
1199 3208 1349 3271 Tocharis

246 3290 368 3351 Latinos
386 3312 476 3370 quam
498 3292 627 3352 Graecos
648 3315 683 3353 eo
703 3294 799 3368 bello,
826 3292 909 3371 quod
930 3295 1008 3355 sorte
1025 3316 1131 3375 parum
1143 3295 1273 3355 candide
1285 3299 1349 3357 Pa-

248 3374 401 3454 chymeres
419 3376 634 3451 dissimulavit,
664 3378 774 3437 diserte
796 3376 846 3436 hic
868 3378 1000 3439 affirmat
1014 3380 1261 3459 Abulpharagius.
1305 3402 1349 3441 ex

249 3480 309 3538 quo
323 3460 411 3519 etiam
423 3460 564 3521 discimus
579 3460 714 3523 debuisse
737 3464 865 3523 Graecos
885 3464 1060 3525 fortitudini
1077 3465 1269 3540 bannorum,
1292 3468 1348 3524 vi-

249 3543 352 3607 ctoriis
374 3544 408 3605 in
426 3544 564 3623 Buigsria
589 3546 626 3605 de
645 3546 867 3624 Mogulensibua
888 3550 990 3609 relatis
1013 3550 1170 3629 probatae,
1190 3571 1346 3611 recessum

249 3629 453 3693 Tocharorum
472 3630 509 3690 ab
534 3632 667 3710 ipsorum
690 3632 816 3707 finibus,
842 3656 861 3692 a
887 3636 995 3713 quibus
1016 3636 1094 3695 bello
1117 3635 1268 3695 tentandis
1283 3636 1343 3698 nisi

249 3724 364 3775 tenore
374 3714 548 3775 Latinorum
564 3715 685 3777 cohibiti
700 3728 929 3799 temperassent,
951 3732 1094 3798 quantuni
1108 3722 1274 3799 profecturi
1288 3723 1343 3779 to-

249 3809 334 3878 reut,
358 3802 559 3861 consternatio
574 3802 758 3863 Graecorum
769 3804 808 3863 ad
820 3805 914 3864 solam
932 3807 1111 3866 mentionem
1130 3807 1199 3865 belli
1215 3806 1341 3865 Tocha-

249 3884 305 3942 rini
318 3905 406 3966 saepe
418 3907 453 3945 ac
469 3888 534 3947 fasae
546 3908 564 3944 a
579 3886 759 3967 Pachymere
773 3900 934 3949 memorata
947 3892 1020 3951 satis
1032 3890 1242 3969 augurandum.
1251 3912 1341 3970 prae-

249 3966 309 4031 bet.
350 3970 412 4031 huc
427 3966 506 4031 euim
520 3972 586 4033 sine
601 3972 693 4035 dubio
707 3975 859 4054 pertinent
874 3996 948 4054 quae
962 3977 1015 4035 ille
1031 3978 1092 4040 voi.
1105 3976 1164 4057 tp.
1181 3982 1242 4041 133
1258 3997 1288 4037 v.
1301 3980 1340 4041 10

250 4063 352 4115 nanas
367 4056 406 4117 de
422 4065 536 4117 terrore
555 4056 769 4137 imperatorum
790 4060 1010 4136 Nicaeensium,
1030 4062 1147 4140 quoties
1161 4082 1267 4122 rumor
1278 4062 1340 4119 Το-

250 4134 409 4199 charorum
426 4141 632 4221 increbuerat,
657 4153 812 4223 tuaequae
829 4158 861 4223 p.
877 4146 939 4211 149
961 4167 989 4205 v.
1007 4152 1028 4209 6
1048 4148 1140 4207 refert
1154 4147 1192 4205 de
1204 4157 1340 4205 conster-

246 4218 366 4287 natione
382 4222 489 4288 Panica
503 4228 625 4290 Nicaeae
639 4229 721 4291 urbis
734 4229 774 4291 ad
788 4240 888 4291 ortum
900 4252 937 4291 ex
953 4252 1029 4293 vano
1045 4252 1181 4293 murmur
1193 4232 1340 4312 irruptio·

1477 3524 1494 3746 i
