3009 4900
365 303 444 373 ΠΒ.
458 303 519 375 nl·
557 303 926 375 CHRONOLOGIGUS.
1125 305 1199 378 785

63 468 263 545 octoadeo
279 477 431 530 atrenuee
445 469 560 530 civibus
573 479 726 552 reparatae
737 481 824 548 aunt,
846 481 883 532 nt
900 471 1020 532 rediena
1040 473 1074 532 in
1093 474 1200 535 urbem

63 557 265 635 imperator
285 566 421 616 extremo
442 557 711 622 lonioanni1292
725 557 956 636 gratularetur,
979 559 1059 638 qnod
1072 557 1199 619 hietori-

67 641 202 699 euenit
221 661 251 720 p.
270 647 330 708 180
347 663 375 702 v.
391 646 429 715 8,
450 643 516 699 eolo
537 641 598 700 eibi
617 644 743 700 aurium
763 641 879 702 indicio
899 656 1037 702 dominre
1057 649 1200 704 notitiam

71 725 251 800 incendii,
274 727 359 787 nulio
382 730 447 784 inm
465 725 565 784 ocuiie
577 730 736 806 cuperatite
749 731 802 786 eui
815 731 944 808 vestigio
956 729 1118 790 eeneibilie.
1162 732 1199 790 eb

72 811 146 870 hoc
170 813 247 870 loco
268 831 345 890 qnae
365 822 527 872 narrantur
546 833 562 870 a
585 821 689 872 noalro
710 809 854 874 hiatorico
875 816 951 874 een'e
967 817 1127 891 continua,
1149 837 1198 876 ree

75 907 192 976 prout
214 915 341 956 evenere
362 897 547 974 declarante,
567 897 713 976 nequead
729 903 810 965 c.29
826 899 846 960 l.
862 903 898 974 8,
920 901 1052 980 quinque
1067 903 1129 961 iere
1146 923 1200 960 an·
1313 955 1323 970 ,

76 1001 207 1042 norum
224 983 348 1062 explent
362 982 501 1062 epatium.
543 982 624 1044 unde
641 983 724 1061 quod
739 981 884 1045 acribitnr
894 1005 925 1064 p.
941 991 1004 1052 270
1012 1007 1041 1046 r.
1051 991 1101 1062 16,
1115 1007 1199 1046 mor·

79 1077 181 1126 tuum
197 1085 262 1126 eaee
276 1067 403 1127 Veccum
419 1067 474 1126 enh
488 1067 578 1126 linem
594 1067 708 1142 ldarlii,
730 1070 769 1126 ad
787 1089 898 1128 annum
915 1071 980 1131 aine
993 1071 1086 1131 dubio
1100 1072 1197 1152 perti-

80 1162 144 1210 net
168 1150 285 1210 Chriati
307 1157 398 1218 1298.
435 1162 502 1212 octo
521 1151 614 1228 igilur
636 1154 722 1212 annia
741 1163 811 1233 poet
830 1155 960 1214 laxatam
977 1157 1199 1235 aliquantulum

84 1237 287 1312 custodiam,
318 1247 456 1317 perstans
481 1237 682 1298 nihilominus
709 1237 834 1320 loannes
861 1240 977 1300 Veccue
1006 1242 1038 1299 in
1070 1261 1198 1314 carcere,

85 1323 241 1400 quoniam
258 1323 430 1402 imperatori
446 1323 583 1383 ementiri
599 1324 635 1382 ed
655 1321 782 1382 echiema
798 1326 949 1384 revocanti
965 1328 1200 1386 conenntieeima

86 1427 217 1487 semper
234 1408 354 1482 renuit,
376 1409 415 1467 ad
432 1428 570 1485 enorum,
590 1417 626 1468 nt
639 1427 759 1486 aperara
773 1409 859 1487 licat,
880 1412 1012 1488 preemia
1028 1410 1166 1472 laborem
1181 1433 1200 1471 a

89 1493 154 1551 deo
174 1504 302 1553 vocatus
316 1493 349 1551 in
363 1494 476 1552 coelum
495 1502 547 1552 eet.
589 1504 621 1553 at
637 1493 848 1569 Melitenietea,
869 1496 946 1556 elter
960 1497 1024 1556 eine
1037 1497 1199 1574 acciorurm

87 1599 157 1636 non
173 1577 262 1657 priue
278 1597 365 1656 quem
381 1586 449 1657 poet
461 1578 563 1638 decern
575 1579 710 1638 evolnloe
722 1579 794 1639 inda
806 1599 911 1656 annoe,
933 1582 999 1660 pari
1012 1582 1101 1642 laude
1113 1605 1201 1642 com·
1215 1583 1237 1639 P
1254 1583 1303 1640 568

88 1665 258 1722 mendetue
269 1663 399 1724 invictae
414 1665 447 1721 in
460 1662 519 1723 lide
533 1665 665 1723 Romana
679 1663 880 1739 constantiae,
901 1666 1037 1726 deceeait.
1078 1677 1199 1748 tempera

90 1749 139 1806 aic
155 1749 302 1828 exprimit
312 1747 504 1828 Pachymerea
519 1745 1128 1830 11636ιτμηνὸςΒοηδρομιοῖνοςκατᾱ
1140 1751 1199 1832 τήν

90 1830 210 1913 καινήν
228 1829 378 1915 κυριακήν
399 1855 496 1894 menae
513 1833 621 1914 Aprili
640 1837 723 1892 circa
745 1853 858 1892 novam
878 1835 1076 1898 dominicam.
1118 1837 1200 1898 inter

96 1918 267 1977 dominicae
288 1921 469 1978 Graecorum
488 1919 604 1978 nullam
618 1920 650 1978 in
665 1916 775 1980 horum
792 1921 1001 1980 eccleciaaticia
1013 1923 1098 1982 libris
1112 1941 1201 2003 repe-

96 2005 146 2062 rio
164 2023 240 2081 quae
258 2005 382 2084 proprio
398 2005 517 2064 nomine
529 2000 621 2083 καινή
635 2026 716 2064 nova
730 2013 866 2068 vocetur.
907 2014 984 2086 pulo
997 2007 1043 2065 eia
1052 2007 1163 2068 dictam
1181 2031 1199 2066 a

95 2089 282 2167 Pechymere
297 2089 476 2149 dominicam
484 2089 672 2166 Paachelem,
693 2089 780 2148 cuiue
795 2089 956 2150 hebdomaa
969 2087 1199 2170 emeeeicnoe

99 2175 162 2233 illie
181 2175 306 2234 dicitur:
328 2174 370 2234 aic
393 2175 472 2235 enim
491 2174 584 2253 aliqui
602 2193 705 2234 vocem
719 2175 803 2233 illam
815 2176 961 2236 acribnnt.
1003 2177 1062 2236 fuit
1074 2179 1127 2236 ille
1140 2199 1199 2235 an-

100 2280 174 2332 nue,
196 2267 229 2317 nt
242 2277 282 2318 ex
295 2260 370 2318 eerie
383 2279 482 2320 rerum
495 2259 528 2318 in
540 2259 666 2342 synopsi
679 2259 868 2331 demomtro,
888 2259 1001 2320 Chrieti
1015 2267 1114 2336 1308,
1138 2283 1199 2340 quo

101 2343 213 2404 Peeche
234 2342 341 2404 incidit
360 2344 393 2404 in
417 2345 457 2410 14
479 2345 600 2427 Aprilie.
644 2343 725 2404 eirca
739 2343 826 2405 illum
840 2365 910 2426 ergo
924 2348 1003 2407 diem
1016 2345 1124 2409 obierit
1135 2349 1200 2409 lle-

100 2428 258 2491 liteniolee.

453 2646 723 2727 CAPUT
773 2648 857 2725 ΙΙΙ.

188 2786 345 2865 Dpiniirer
373 2796 491 2865 tempera
516 2788 677 2845 evectionie
702 2784 748 2845 nd
769 2788 931 2865 imperium
951 2784 1115 2844 isichniiia

149 2872 328 2951 Poloeologi
348 2871 524 2930 Andronici
542 2872 624 2951 filii,
650 2890 704 2929 nec
724 2892 787 2929 non
808 2870 905 2929 leina
927 2872 1064 2951 coniugii
1085 2892 1156 2931 cum

413 2960 518 3017 Maria
526 2958 604 3037 fllia
618 2960 699 3036 regie
713 2954 887 3016 Armeniae.

187 3108 209 3169 1.
251 3108 360 3171 Scribit
383 3110 581 3191 Pachyrneree
602 3110 657 3175 le
677 3130 704 3171 c.
722 3114 759 3189 1,
780 3128 851 3169 cnm
870 3108 987 3170 videret
1007 3108 1198 3171 Andronicna

113 3192 279 3263 Micheilem
295 3196 393 3255 lilium
409 3216 494 3257 enum
507 3194 740 3276 primogenitum
758 3195 818 3255 iam
835 3194 916 3254 ultra
930 3195 1073 3274 puberem
1087 3206 1199 3275 proves

112 3291 185 3339 ctum
199 3290 341 3357 aetatem,
363 3291 393 3339 et
408 3302 441 3341 ee
457 3284 590 3341 edentem
606 3280 770 3360 specimina
785 3280 881 3339 bonae
895 3279 1004 3339 indolia
1020 3298 1199 3359 morumque

113 3366 266 3444 proborum
281 3384 356 3444 quea
369 3366 491 3442 dignum
508 3386 575 3425 eum
590 3365 721 3445 dugualo
735 3365 853 3444 iaetigio
868 3374 1078 3441 monetrarent,
1099 3366 1199 3425 adaci-

114 3450 246 3511 acendum
267 3450 368 3531 ipeum
389 3452 443 3509 eibi
466 3462 587 3531 pntaaee
599 3452 631 3509 in
645 3450 772 3530 imperio
793 3451 953 3527 collegam,
972 3450 1100 3529 ideoque
1113 3450 1198 3509 eole-

115 3554 204 3595 mnem
227 3536 289 3595 eine
306 3537 563 3615 inaugurationem
578 3536 611 3595 in
625 3536 738 3613 templo
758 3538 885 3595 Sanctae
899 3533 1028 3614 Sophiae
1041 3557 1058 3594 a
1069 3536 1199 3615 patriar-

116 3618 165 3677 che
188 3620 325 3680 celebrari
339 3642 473 3695 curmae,
494 3642 581 3701 quem
603 3619 744 3681 deacribit
764 3620 821 3681 illo
841 3640 867 3679 c.
883 3620 934 3685 11.
947 3624 978 3686 8.
999 3621 1090 3680 iuieee
1109 3620 1198 3677 illum

116 3704 303 3784 patriercham
314 3706 455 3766 loannem
474 3708 610 3767 Coernam
626 3726 663 3766 ex
680 3704 788 3781 rebus,
809 3723 886 3785 qnae
905 3714 1024 3764 antean
1044 3714 1112 3782 poet
1124 3722 1198 3761 nar·

116 3792 224 3866 renlur,
246 3792 437 3851 maniieetum
461 3792 608 3854 redditur.
649 3790 731 3851 unde
746 3810 816 3850 cum
832 3790 858 3850 ia
872 3789 1011 3849 eccleciae
1026 3785 1197 3848 Cunctanti-

118 3875 294 3953 nopolitanae
314 3896 448 3956 precene
472 3878 622 3957 coeperit,
642 3886 679 3937 nt
699 3876 799 3957 capite
819 3875 954 3954 sequenti
973 3883 1004 3933 at
1022 3874 1056 3933 in
1072 3870 1199 3951 cynopai

120 3956 314 4039 chronologice
334 3960 424 4023 liniue
443 3962 584 4023 historiae
608 3960 894 4035 demonstrabimne,
914 3957 1050 4018 blendia
1069 3956 1200 4016 ianuarii

121 4042 182 4103 enni
194 4044 298 4103 elnni
315 4050 413 4126 1293,
434 4068 495 4107 non
509 4046 630 4108 videtur
641 4046 764 4107 dubium
777 4045 851 4124 quin
863 4043 962 4103 rtatim
976 4051 1046 4123 poet
1058 4040 1121 4101 illic
1135 4060 1200 4100 me-

121 4137 220 4189 morata
230 4128 384 4192 Michailie
398 4134 570 4207 coronatio,
590 4132 756 4192 minielerio
770 4127 957 4211 patriarchae
970 4128 1047 4187 facta
1057 4126 1107 4187 die
1120 4127 1199 4185 seetd

122 4214 207 4291 magni
222 4214 429 4287 Genetantini,
452 4218 490 4278 ad
511 4218 599 4277 illum
616 4236 705 4297 quem
719 4215 783 4275 dixi
802 4232 912 4273 ennum
925 4212 1090 4293 pertineat,
1111 4220 1143 4271 et
1159 4208 1200 4271 ad

123 4317 236 4359 mercem
259 4300 322 4362 eine
343 4301 464 4367 illium.
505 4322 576 4363 narn
589 4312 626 4363 nt
638 4302 747 4363 diaerte
762 4297 925 4361 henricos
936 4304 1096 4373 memorat,
1118 4304 1149 4357 et
1162 4312 1202 4357 ex

160 4392 280 4462 Georgica
301 4393 471 4464 Poleam·
492 4394 530 4447 11.
952 4382 995 4449 60
