3009 4900
426 309 429 316 ·
508 267 585 342 utu.
611 269 653 338 ll.
705 269 858 342 Norat.
1149 268 1225 342 767

104 436 283 519 contigisse
295 441 331 496 ut
342 453 426 494 sacro
439 433 558 496 lavacro
571 436 681 497 tinctus
694 455 771 516 puer
781 444 902 517 repente
912 437 1140 498 formosissimus
1151 455 1224 498 era-

105 525 221 582 deret.
264 541 324 600 quo
343 530 443 580 motus
455 523 598 581 Cassianus
618 543 679 582 non
697 523 788 583 modo
808 524 961 583 avocavit
980 542 1121 603 praeceps
1142 523 1226 583 iudi-

106 609 218 682 cium,
239 607 332 666 sedet
344 604 453 664 Christi
465 606 561 683 palam
574 609 741 684 religionem
756 618 801 667 est
813 609 976 688 amplexus.
1016 609 1059 667 ita
1072 610 1130 685 itti;
1150 626 1227 687 quse

107 713 187 752 non
210 692 374 752 innotuisse
393 692 663 774 Constantinopoli,
685 693 848 753 etiamalio
869 711 908 752 ex
921 692 979 752 isac
992 691 1116 753 historia
1134 693 1227 752 dacto

109 787 303 855 argumento
320 775 472 836 suadetur.
514 780 649 858 superius
670 779 747 837 euim
766 799 796 858 p.
813 778 876 842 402
889 797 922 842 τ.
940 781 981 844 18
993 779 1110 859 scripsit
1126 789 1227 838 noster

111 863 335 923 Andronicum
355 861 510 922 certiorem
532 863 643 922 iscium
665 862 702 923 de
719 864 854 942 potentia
871 864 1011 939 Carenis,
1028 872 1065 923 ut
1081 883 1150 922 enm
1171 863 1229 922 sibi

112 949 318 1026 adiungeret,
340 947 519 1007 offerendam
538 949 564 1007 ei
583 967 701 1008 curasse
722 947 812 1007 {iliam
827 967 911 1007 susm
925 947 1051 1008 notham
1067 949 1100 1008 in
1120 949 1227 1010 conin-
1241 951 1265 1008 1³
1281 949 1331 1004 652

17 1085 19 1120 ἰ
113 1053 201 1113 gem,
221 1051 311 1110 quam
324 1040 353 1091 et
363 1033 412 1091 ille
426 1032 657 1111 propositionem
669 1033 793 1112 benigne
806 1034 961 1113 acceperit

214 1137 243 1196 p.
255 1115 318 1184 459
332 1137 362 1178 v.
376 1121 406 1180 6.
448 1119 544 1177 Etiam
556 1117 712 1197 Aytlronus
727 1138 752 1184 c.
770 1119 811 1184 45
826 1119 902 1178 flue
913 1117 965 1178 Or.
977 1125 1009 1177 et
1022 1119 1154 1178 Senatus
1173 1115 1193 1176 Ι,
1206 1120 1227 1180 3

15 1254 18 1264 ,
115 1223 153 1283 p.
174 1207 217 1267 18
241 1222 266 1262 c.
284 1204 303 1266 8
323 1201 432 1261 diserte
452 1203 601 1264 affirmant
619 1223 816 1263 successorem
839 1203 959 1263 Cassani
979 1204 1103 1262 fratrem
1123 1202 1226 1282 ipsius,

115 1291 197 1347 licet
217 1287 339 1346 Bizsrus
357 1285 404 1345 his
425 1287 572 1367 posterior
592 1296 622 1346 et
643 1291 757 1364 minus,
780 1289 834 1348 ubi
856 1287 1008 1362 dissentit,
1027 1287 1088 1346 fids
1111 1287 1225 1365 dignus,

117 1373 222 1432 filium
240 1373 366 1430 Cossano
389 1374 529 1432 morienti
554 1375 725 1433 successisse
742 1373 870 1451 scribat,
890 1374 946 1439 1.ss
968 1373 1080 1432 Rmum
1092 1372 1226 1430 Parsics-

16 1517 17 1534 ¹
117 1477 205 1518 rum.
248 1457 529 1535 discrepantiamea
542 1457 575 1518 hi
597 1468 698 1518 omnes
716 1461 748 1518 in
761 1458 851 1518 haias
868 1459 988 1518 nomine
1006 1454 1225 1536 sPs'chymsrs‚

119 1543 200 1604 dum
214 1541 400 1601 Garbsndsm
413 1561 465 1604 seu
476 1543 695 1624 Carbsgandsm
708 1555 829 1620 vocant,
848 1561 937 1622 quem
948 1544 1049 1602 ποιιέτ
1058 1541 1109 1601 hic
1119 1545 1224 1601 Garm—

118 1635 258 1707 pantam,
273 1627 342 1687 alibi
360 1628 603 1708 Carmpantanem
623 1629 762 1709 appellat.
796 1628 924 1689 undant
939 1637 1039 1688 autem
1052 1627 1143 1688 ruodo
1155 1629 1224 1686 lau·

118 1713 187 1772 dati
212 1722 347 1771 auctores
366 1712 457 1772 istum
473 1715 590 1773 Cumani
609 1715 733 1775 fratrem
753 1722 849 1774 matrs
865 1713 1029 1774 Christiana
1043 1712 1172 1787 editum,
1193 1719 1224 1768 et
1339 1717 1348 1738 ⁸

119 1799 223 1878 ipsum
235 1796 452 1875 Christianum,
472 1799 584 1859 Nicolai
599 1819 706 1860 nomen
727 1801 758 1858 in
780 1799 926 1879 bsptismo
941 1799 1100 1878 accepisse,
1120 1815 1223 1876 perse-

120 1900 301 1960 verasseque
317 1883 349 1941 in
366 1903 438 1943 vers
459 1885 611 1963 reiigione,
633 1885 732 1964 quoad
749 1879 828 1944 vixi}
846 1893 957 1963 mater,
978 1882 1031 1941 sed
1046 1901 1079 1940 ea
1094 1890 1222 1956 mortus,

123 1968 208 2046 quod
227 1976 295 2049 post
310 1987 403 2028 annos
416 1988 468 2029 sex
482 1971 619 2048 contigit,
642 1970 680 2029 sd
693 1970 950 2029 mahometinorum
964 1968 1110 2029 defecisse.

209 2071 238 2130 p.
253 2052 317 2118 464
329 2073 359 2113 v.
376 2058 406 2118 6.
450 2059 565 2135 Χρῆαις
577 2059 606 2114 S.
620 2058 761 2135 martyris
774 2055 875 2134 ignatii
890 2054 950 2114 hoc
963 2054 1030 2112 looo
1041 2053 1118 2112 lecta
1132 2069 1223 2130 qaae-

122 2157 195 2203 nam
212 2139 316 2214 suerit,
337 2158 397 2198 non
414 2139 498 2200 facile
512 2139 648 2200 divinstu
663 2150 721 2214 est,
744 2142 826 2218 quod
843 2139 955 2200 multae
969 2140 1001 2198 in
1015 2139 1078 2197 eius
1094 2137 1226 2215 epistolis

125 2223 263 2301 legantur
273 2223 306 2280 in
327 2241 390 2280 eam
404 2228 579 2284 sententiam
599 2247 656 2303 qua
670 2226 814 2286 subiectio
828 2225 932 2306 populi
948 2223 987 2284 sd
1006 2225 1175 2303 episcopum
1187 2231 1226 2281 ot

126 2307 290 2366 necessaria
308 2309 541 2370 commandatur.
587 2310 725 2371 indicabo
746 2309 798 2372 hie
823 2311 943 2388 aliquas.
984 2308 1017 2368 in
1039 2314 1055 2374 1
1077 2310 1161 2388 epist.
1185 2307 1226 2367 sd

128 2395 321 2472 Smyrnacost
343 2387 452 2471 πάντες
471 2399 512 2483 τῷ
530 2391 684 2481 έπισειόπρι
701 2389 897 2460 εἷιαέοοθεῖτι
915 2393 957 2469 oie
971 2386 1085 2475 Ἰησοῦς
1097 2388 1227 2475 Χριστὸς

125 2482 170 2565 τῷ
185 2478 290 2558 πατρέ,
311 2479 364 2543 nui
382 2486 425 2566 τῷ
443 2483 643 2567 πρεσβυτερέοι
664 2480 706 2556 ade
725 2489 789 2556 ταῖς
808 2476 999 2554 Ἀποστέλοις
1018 2520 1098 2542 ....
1121 2478 1226 2559 μηδεὶς

126 2564 216 2644 χωρὶς
237 2561 400 2627 έπισιιὸποα
422 2588 450 2628 τι
470 2567 625 2649 πρασσέτω
643 2570 704 2630 τῶν
721 2561 901 2646 αένηιόντων
916 2567 960 2639 εἰς
978 2560 1036 2645 τήν
1054 2564 1222 2643 έειαέησέαν.

127 2650 225 2728 tuetur
243 2650 351 2729 βεβαέα
366 2643 534 2733 εὐχαριστία
548 2650 683 2734 ἡγείσθω
705 2650 729 2733 ἦ
748 2648 810 2714 sind
829 2651 882 2713 eds
903 2650 1068 2714 έπέσιοπον
1086 2640 1179 2721 οὖσα,
1200 2642 1225 2727 ἢ

128 2726 204 2795 aide
220 2728 312 2808 οὗτος
327 2734 483 2821 έπιτρέψρ.
507 2731 585 2799 ὅπου
599 2732 639 2798 ὃν
652 2740 738 2819 φανῇ
751 2735 771 2799 d
785 2734 957 2807 έπέσιιοποα,
981 2734 1045 2795 έιιιῖ
1057 2729 1091 2793 τὸ
1101 2736 1223 2835 πλῆθος

129 2798 209 2894 doru,
225 2814 325 2899 ὥσπερ
339 2814 417 2882 ὅπου
432 2816 470 2883 dv
482 2814 506 2907 ᾖ
520 2817 644 2903 Χριστός
658 2816 784 2899 Ἰησοῦς,
800 2817 896 2896 έιιιῖῆ
907 2812 1059 2894 audoisae}
1072 2816 1221 2891 έτιιλησέα.

130 2897 185 2966 οοίι
204 2901 269 2977 έξὸν
297 2905 356 2967 teu
376 2906 466 2987 χωρὶς
483 2910 539 2969 τοῦ
557 2901 722 2969 ἐπισκόπου
743 2900 813 2965 οὔτε
835 2904 986 2983 βαπτίζειν
1007 2897 1076 2964 οὔτε
1096 2894 1221 2983 α’γεέπην

129 2994 236 3062 ποιεῖν,
258 2980 319 3049 sitt’
333 2984 351 3052 d
365 2985 405 3052 du
421 2991 534 3064 έκεῖνας
545 2984 692 3076 δοκιμάσῃ
708 2997 765 3047 etc.
806 2986 865 3047 hoc
879 2998 923 3047 est
937 3007 975 3047 sx
989 2986 1111 3065 antiqua
1123 2986 1221 3044 inter·

129 3072 290 3154 pretatione
303 3074 423 3134 latins:
455 3076 563 3135 nullus
577 3079 642 3135 sine
661 3078 798 3155 episcopo
818 3072 945 3153 aliquid
961 3083 1099 3152 operetur
1117 3089 1220 3129 eorum

131 3178 206 3239 quus
218 3162 396 3219 conueniunt
405 3162 437 3220 r'n
454 3162 618 3223 ecclesiam.
661 3162 718 3219 itta
725 3160 825 3239 firmo
839 3162 1018 3239 gratiarum
1032 3158 1114 3215 actio
1127 3173 1221 3234 repu-

125 3235 222 3320 ¹telin,
245 3264 322 3323 quae
338 3246 394 3305 sub
414 3251 481 3326 ipso
501 3258 545 3305 εει
564 3248 613 3307 uel
631 3266 724 3327 quem
739 3248 845 3324 utique
861 3248 925 3324 ipse
942 3244 1125 3302 concesserit.
1167 3240 1221 3299 ubs'

132 3332 232 3408 utique
253 3342 380 3409 apparet
402 3336 575 3411 episcopus,
597 3332 665 3390 illio
690 3328 857 3390 multitudo
879 3332 935 3403 sit,
966 3323 1221 3407 quemadmodum

133 3418 232 3492 utique
247 3416 301 3473 ubi
315 3426 359 3473 εει
378 3416 518 3477 Christus
531 3416 629 3494 Iesus,
652 3418 719 3475 illic
732 3416 886 3475 catholica
899 3414 1032 3474 ecclesia.
1073 3432 1135 3471 non
1147 3411 1220 3477 ls'cs'f

133 3510 194 3561 turn
207 3510 250 3557 εει
269 3502 334 3557 sine
349 3504 485 3583 episcopo
506 3524 600 3582 neque
613 3502 769 3581 baptisare
786 3522 880 3581 neque
895 3520 1015 3581 agapen
1028 3501 1146 3574 facere,
1168 3492 1223 3552 sed

134 3582 212 3663 quod
230 3586 337 3687 utique
358 3587 410 3645 ille
424 3588 601 3668 probaverit
624 3598 680 3648 etc.
721 3587 801 3646 idem
815 3588 902 3666 epist.
918 3591 939 3650 2
954 3584 992 3644 ad
1007 3584 1220 3662 Polycarpum

15 3684 16 3705 ¹
133 3674 170 3752 spi
184 3668 336 3749 έπισιιοπῳ
349 3672 520 3754 προσέχετε,
542 3674 593 3736 ἰ’να
611 3672 662 3735 καὶ
677 3670 697 3735 d
711 3667 787 3745 dado
803 3670 888 3751 ripis.
910 3664 1078 3749 ἆντέψαχας
1089 3662 1224 3749 ,έγιέταῑν

134 3752 380 3834 έποτασσομέναιν
392 3762 434 3840 τῷ
454 3752 612 3843 έπισιιέπρι.
655 3759 792 3837 episcopo
810 3752 970 3830 attendite,
992 3764 1028 3811 ut
1043 3763 1073 3810 st
1086 3749 1160 3807 deus
1172 3769 1227 3806 νο-

135 3838 184 3897 dia·
226 3843 384 3899 unanimis
405 3864 458 3924 ego
477 3864 546 3903 sum
564 3843 711 3902 subiectis
731 3846 876 3921 episcopo.
919 3840 952 3898 iu
972 3842 993 3902 3
1012 3836 1053 3895 sd
1068 3832 1225 3914 Ephesiosz

134 3920 234 4013 πρέπει
248 3923 322 4004 ὑμῖν
336 3928 505 4012 συντρέχειν
522 3932 561 4015 τῇ
576 3932 632 3992 τοτ’
650 3922 817 3990 έπιστιέπαα
830 3918 946 4007 ysoipp.
990 3920 1072 3979 decet
1082 3938 1138 3979 νοτ
1151 3938 1224 4017 eon-

136 4028 248 4065 currere
264 4014 398 4092 episcopi
420 4017 590 4074 sententiae.
632 4018 755 4090 quartae
775 4011 814 4069 sd
827 4008 989 4086 Magnesiae
1007 4005 1082 4065 haec
1099 4011 1171 4062 sunt
1190 4022 1223 4063 sn

136 4090 190 4151 ¹¹⁰⁰
201 4095 384 4173 P¹⁰P⁰⁸itum
401 4100 481 4160 inter
494 4100 564 4159 alia:
593 4096 708 4173 πρέπον
726 4087 784 4159 οὖν
806 4094 867 4158 έστέ
890 4089 933 4185 μή
952 4086 1046 4170 μένον
1064 4092 1225 4151 καλεῖσθαι

137 4176 339 4259 Χριστιανούς,
362 4176 438 4246 diiii
448 4185 499 4248 stoi
513 4180 590 4247 alum
606 4178 705 4263 έέσπερ
714 4180 768 4243 seui
779 4200 858 4251 τινες
873 4174 1038 4239 έπέσιοπαν
1051 4172 1106 4255 μέν
1116 4176 1224 4235 καλοῦ.

78 4352 83 4361 Ι
138 4280 193 4341 σιν,
213 4264 305 4349 χωρὶς
318 4264 352 4329 δέ
369 4260 465 4333 edroi
476 4265 576 4333 etue
588 4260 786 4351 πράσσουσιν.
814 4263 984 4327 αἱτοιαῦται
997 4257 1032 4324 di
1043 4253 1102 4325 ααέι
1113 4251 1222 4322 τέταν-
