3009 4900
315 295 420 386 reu'
617 309 856 382 ousnuvrr.
876 307 1114 430 ruentum

314 483 501 626 nnn·
521 474 1472 643 ”tremere

317 649 397 710 diem
412 647 526 728 Aprilie
542 647 755 712 12inaederit:
790 667 852 730 quo
867 647 1046 708 anteriorem
1056 645 1362 726 inauguretionm
1384 648 1465 708 Gre-

316 733 395 814 gorii
407 733 493 794 lateri
506 734 625 794 nocetne
639 733 692 792 aitr
712 753 752 794 ex
768 753 826 813 que
844 732 872 792 ai
891 752 947 792 aex
960 734 1030 792 anni
1043 732 1127 812 pleni
1143 740 1176 792 et
1188 733 1338 814 aliquid
1365 753 1461 812 prae·

316 829 399 882 terea
419 819 604 878 crementio
621 818 767 898 temporie
785 825 996 894 numerentur,
1016 817 1200 898 reperiemur
1219 818 1298 878 eine
1321 817 1459 877 abdin-

316 905 429 966 tionem
454 903 487 963 in
509 923 622 963 annum
645 902 759 965 Chrieti
782 907 864 970 1289
887 913 957 984 poet
976 903 1108 962 medinm
1128 902 1275 982 Aprile·
1297 905 1457 964 consum

318 999 468 1072 oportere.
510 1005 658 1070 ponuntur
681 1007 752 1067 ergo
773 980 845 1048 licet
865 987 1084 1050 abdicationem
1100 987 1206 1067 cyprii
1226 997 1264 1046 et
1279 1008 1457 1048 secem

316 1077 381 1136 eine
402 1073 436 1134 in
457 1073 669 1134 monaeterium
689 1072 835 1134 Arietinee
853 1093 880 1134 c.
896 1073 971 1139 101.
986 1077 1007 1137 2
1025 1081 1195 1146 narratum,
1217 1091 1354 1133 mense
1372 1075 1456 1134 idaia

317 1171 371 1222 ant
393 1159 479 1220 lunio
503 1158 574 1219 anni
598 1157 688 1218 modo
708 1159 863 1219 memorati
885 1178 903 1216 a
923 1157 1042 1218 Chriato
1062 1165 1134 1217 nato
1155 1161 1244 1224 1289
1268 1159 1455 1220 accidiae.

317 1245 391 1308 hinc
405 1245 465 1306 duo
476 1252 576 1304 trem
589 1261 703 1308 menter
719 1243 866 1304 fluxerint
881 1243 915 1303 in
930 1241 1171 1304 altercationihua
1185 1251 1216 1302 et
1230 1243 1455 1323 diequieitio·
1486 1272 1487 1277 ¹

317 1331 432 1392 nibure
446 1339 550 1390 noenu
564 1327 964 1408 hiatoricorelatieacapite
979 1334 1018 1392 11
1032 1327 1188 1392 titulat
1202 1329 1257 1403 16,
1283 1349 1366 1407 quo
1384 1341 1454 1390 tan·
1486 1370 1487 1383 ,

317 1417 386 1477 dem
409 1413 552 1474 rcrihitur
572 1411 770 1474 Athanaaium
795 1413 856 1475 iam
873 1424 958 1472 antea
981 1412 1109 1472 electum
1122 1411 1375 1492 patriercham,
1402 1416 1454 1474 dia

317 1498 360 1568 14
377 1498 486 1560 mentia
505 1497 647 1560 octobrio
666 1499 699 1558 in
719 1499 835 1576 templo
863 1500 922 1560 rite
941 1498 1034 1558 lniaee
1055 1497 1236 1561 ordinatum.
1287 1501 1452 1578 procedit

315 1603 387 1662 ergo
404 1584 491 1666 prior
510 1583 730 1666 patrierohetna
745 1583 898 1645 Athaueeii
911 1604 929 1643 e
941 1583 1040 1666 pridie
1053 1582 1162 1644 iduum
1178 1581 1344 1644 Octobris
1367 1586 1449 1646 anni

317 1689 404 1732 eerae
419 1667 532 1730 Chriati
544 1668 679 1749 vulgaria
690 1673 786 1736 1289.

403 1753 455 1816 Vl.
497 1757 591 1816 Panlo
602 1763 672 1816 ante
685 1761 877 1814 memoretem
888 1749 1042 1812 Athanuaii
1055 1749 1245 1831 patriarchae
1256 1755 1446 1814 mammia-

317 1840 433 1902 aionem
456 1841 526 1902 freti
544 1839 583 1900 ed
598 1839 811 1920 Helenopolim
825 1848 856 1898 et
868 1838 1086 1918 prosectionem
1107 1838 1142 1896 in
1156 1837 1325 1898 Orientem
1345 1860 1444 1900 com-

317 1945 440 1988 munem
457 1925 504 1986 ilti
525 1926 616 1986 fuiare
636 1943 705 1986 cum
728 1923 900 1985 Andronico
925 1922 1108 2005 imperatore
1127 1921 1220 1982 docet
1235 1934 1355 1985 noater
1375 1925 1441 1986 hoc

315 2009 541 2086 tttm2c18,
563 2009 636 2070 dum
657 2011 869 2090 imperatorem
885 2029 918 2070 ae
934 2009 1099 2068 contulirae
1113 2007 1333 2088 Nymphaeum
1356 2031 1441 2071 nan·

317 2104 382 2172 rot,
404 2103 434 2156 et
457 2116 492 2156 co
512 2095 621 2156 itinere
642 2106 740 2176 parter
753 2094 911 2175 Bithyniae
925 2103 1143 2172 tronegreeaum
1156 2093 1200 2152 ihi
1214 2094 1320 2155 ohitet
1332 2097 1437 2175 egiaea

316 2183 398 2242 circa
417 2179 549 2243 Veccnnr
571 2191 601 2242 et
619 2181 681 2242 eiua
704 2180 818 2257 eocioa,
849 2199 923 2260 qnae
940 2177 1030 2259 poulo
1050 2187 1121 2238 ente
1143 2178 1314 2254 (nimirum
1335 2201 1370 2241 c.
1390 2182 1434 2247 85

315 2265 339 2327 l.
357 2273 397 2338 1)
421 2285 452 2326 ae
474 2285 652 2328 memorarae
670 2265 721 2327 ait.
764 2266 872 2346 qnibne
894 2263 995 2325 verbio
1011 2262 1115 2324 innuit
1127 2263 1283 2324 Athanarii
1298 2267 1433 2344 quida·

312 2348 501 2431 patriarchae
524 2351 659 2424 nomine,
682 2351 894 2430 imperatorem
913 2350 1117 2412 Andronicum
1132 2351 1325 2426 comitantie,
1346 2353 1430 2412 ruia·

206 2439 298 2498 reon
313 2452 379 2493 enm
398 2452 541 2511 magnum
563 2434 746 2513 logothetam
769 2438 808 2495 ad
827 2437 976 2496 Veccumr
1005 2434 1206 2496 metuenti
1228 2444 1333 2495 totum
1358 2456 1428 2497 erae

310 2525 412 2577 autum
429 2516 575 2579 instinctu
594 2528 624 2578 et
645 2520 728 2578 iueru
749 2520 950 2599 imperatoria.
991 2541 1050 2581 nec
1068 2520 1144 2580 enim
1166 2528 1230 2579 erat
1248 2522 1427 2583 verieimila

310 2599 530 2685 patriarcham,
552 2612 702 2663 aueternm
721 2602 873 2665 homiuem
893 2626 930 2665 ac
946 2608 1057 2685 lerum,
1075 2612 1180 2687 apoute
1190 2603 1337 2663 initmum
1353 2625 1424 2665 co-

311 2686 487 2768 gitationem
507 2686 601 2749 Vecci
619 2698 650 2749 et
667 2688 821 2749 aociorum
845 2691 924 2762 eine,
951 2712 1029 2771 quoe
1048 2689 1170 2773 pterim·
1187 2687 1291 2749 oderat
1311 2687 1419 2751 homo

311 2772 466 2833 auhiematl
494 2774 728 2852 addictiarimua,
751 2776 1023 2851 ,sublevandarum
1062 2794 1156 2837 unum
1176 2772 1229 2834 hic
1254 2774 1417 2855 quandam

310 2858 389 2920 niele
402 2858 589 2921 cohaerentia
602 2868 632 2919 et
643 2878 743 2921 eecum
758 2860 826 2943 ipaa
839 2861 963 2923 colliaae
973 2862 1154 2923 namtionie
1170 2858 1298 2941 apeciem
1307 2858 1412 2937 hahet,

312 2944 462 3023 aiquidem
476 2945 530 3005 illo
543 2945 640 3027 priori
653 2947 721 3007 loco
737 2969 765 3026 p·
780 2952 841 3013 108
856 2968 886 3009 v.
903 2952 942 3015 ll
955 2945 1085 3008 affirmat
1096 2948 1260 3008 hiatoricua
1271 2966 1411 3025 magnum

313 3028 512 3107 logothetam,
533 3030 586 3109 qui
610 3030 649 3089 ad
670 3032 804 3093 Vennum
825 3032 863 3091 ah
880 3032 1043 3093 Athenariu
1062 3033 1170 3093 miaam
1188 3040 1255 3109 ert,
1274 3032 1407 3091 nondum

314 3114 407 3176 fuine
420 3114 691 3195 procurationum,
705 3139 735 3197 p.
747 3127 847 3178 autem
863 3120 924 3186 158
938 3138 969 3179 v.
983 3124 1005 3185 6
1017 3115 1128 3178 diaerte
1140 3116 1245 3179 amihit
1256 3116 1407 3177 Androni-

317 3220 386 3259 cum
408 3200 640 3283 imperatorem,
659 3202 698 3263 iia
719 3202 816 3262 obiter
834 3224 904 3264 cum
924 3203 1024 3264 vacco
1045 3202 1206 3263 nanneno
1225 3222 1300 3282 quae
1316 3202 1403 3284 paulo

315 3294 385 3345 ante
407 3286 551 3363 dirimat,
574 3285 781 3367 Nympheeum
798 3288 971 3368 pervenieee
990 3288 1101 3349 comite
1119 3288 1320 3349 recondunto
1337 3286 1401 3347 tto-

313 3370 434 3445 rrlone,
456 3390 548 3450 anper
565 3371 719 3451 antiquom
741 3372 886 3434 honorem
909 3374 1007 3452 magni
1028 3369 1199 3453 logothetae
1212 3392 1290 3433 nora
1303 3381 1399 3452 proto-

312 3454 445 3515 vestiarii
462 3454 605 3533 dignitate
618 3455 768 3518 decorato.
811 3459 863 3519 eed
876 3458 950 3519 haec
962 3458 1079 3519 facilem
1096 3458 1331 3519 conciliationem
1344 3456 1397 3516 ha·

312 3538 402 3613 bent,
420 3540 446 3599 ri
468 3540 588 3601 dicatur
606 3542 722 3619 atatim,
743 3553 904 3625 poatqnam
919 3565 938 3603 ι
950 3544 1133 3624 preeacripta
1153 3543 1210 3604 eibi
1225 3542 1396 3624 protectione

312 3624 351 3685 ed
373 3624 502 3685 Vennum
529 3624 647 3687 Murato
669 3629 789 3689 rediere
809 3629 1002 3709 imperatorio
1018 3628 1173 3691 comitatui
1185 3648 1217 3689 ee
1229 3628 1394 3689 iterumad·

310 3712 426 3788 iunxit,
447 3710 483 3772 ab
498 3710 632 3791 Angoeto
646 3712 678 3773 in
692 3712 761 3795 lpao
773 3714 896 3793 itinere,
915 3714 1002 3796 priua
1013 3736 1103 3795 quem
1113 3712 1318 3796 Nymphaeum
1325 3734 1394 3795 pn·

309 3798 446 3873 veniret,
475 3796 566 3857 iniere
591 3799 857 3878 protovestiarium
878 3799 1057 3865 declaretur.
1100 3800 1180 3861 nihil
1205 3819 1274 3879 ergo
1299 3815 1392 3858 ramae

311 3893 357 3942 eet
373 3904 427 3945 cur
440 3882 522 3943 ietnd
535 3884 736 3944 laxamentum
758 3904 968 3947 aerumnarum
985 3886 1076 3948 Vecci
1092 3905 1154 3947 non
1168 3885 1208 3946 ad
1219 3884 1295 3945 illud
1306 3883 1391 3963 pnti-

309 3988 383 4029 nere
410 3968 590 4030 affirmamur
612 3979 732 4049 ternpuc
759 3990 821 4050 quo
844 3970 1034 4032 Andronicua
1053 3992 1092 4031 ex
1112 3970 1190 4032 urhe
1213 3970 1292 4048 regin
1307 3968 1391 4047 llym-

308 4053 439 4133 pheeum
456 4074 488 4115 oe
502 4054 647 4130 contulit,
669 4064 759 4135 prout
782 4055 877 4120 120.
893 4060 934 4123 18
954 4067 1146 4120 memoratur.
1190 4053 1389 4137 explorandum

311 4154 381 4213 ergo
403 4140 489 4199 nobie
512 4150 558 4200 eat
578 4140 698 4220 quondo
727 4142 887 4219 contigerit
906 4145 963 4202 iata
982 4142 1143 4223 protectio.
1185 4150 1288 4201 narrat
1305 4140 1389 4218 capite

309 4222 457 4299 euperiori
478 4234 581 4286 notter
602 4224 765 4287 historicon
779 4236 906 4287 mortem
920 4226 1147 4309 expatriarchae
1161 4226 1266 4307 cyprii
1281 4234 1307 4285 et
1317 4225 1387 4284 circa

312 4306 377 4369 einr
391 4308 563 4389 aepulturae
574 4312 702 4373 sormam
719 4312 972 4398 praeacriptionae
985 4314 1023 4375 ah
1036 4314 1106 4397 ipeo
1118 4314 1254 4395 nauata
1266 4310 1302 4373 ed
1311 4310 1387 4372 loue-
