3009 4900
308 303 389 378 676
610 301 846 376 OBSERVlT.
867 301 1104 374 Pscuuuuu.

308 512 357 568 ss,
377 485 431 554 ssal
445 483 474 552 tl
489 483 611 572 lploesc,
629 487 937 569 mulsmdelsaoar.
978 487 1054 548 liaeo
1067 485 1125 546 lsoa
1139 487 1206 547 loeo
1220 493 1453 568 praegustari

310 573 395 636 nihil
407 577 537 650 attinet,
563 595 677 654 quare,
697 578 728 632 si
745 576 805 634 tibi
822 573 957 653 eidam,
978 575 1200 654 relinquantur.
1245 583 1369 633 contu
1393 585 1447 632 ta.

310 681 381 722 suen
394 659 537 720 tendente
548 658 729 740 patriarcba,
749 661 893 722 convenit
905 661 944 721 sd
958 669 1124 720 extremm
1138 659 1232 720 solius
1254 657 1448 718 dibnnsbesli

310 745 524 826 praelationem
545 745 653 803 omitti.
695 740 780 825 ὅμως
805 739 908 826 sipritus
928 739 962 809 si
983 738 1198 826 dsddpdoulor.
1244 744 1445 803 candelabri
1493 774 1494 802 r

308 830 395 891 bifidi
406 830 613 909 prsegeststio,
632 837 785 910 temqusns
798 833 835 892 sb
849 851 908 892 usu
921 831 954 890 in
966 829 1049 890 ltslis
1062 839 1183 909 recepto
1200 827 1300 888 nimis
1323 831 1445 902 aliens,

308 918 359 978 vel
378 916 469 976 slism
486 914 651 995 quamlibet
668 913 707 974 ob
730 936 866 993 musam,
887 917 970 977 ultro
990 937 1005 973 s
1026 913 1196 995 patriarcba
1211 914 1358 974 remissa
1374 925 1444 974 est:

309 999 490 1060 dibambulo
504 999 585 1059 domi
599 1001 717 1062 relicto.
756 1001 894 1082 potuitne
907 1001 1017 1060 elesius
1030 1000 1143 1058 adstrui
1157 1021 1172 1057 s
1188 1018 1236 1057 me
1252 999 1356 1078 prius
1371 1011 1443 1059 sn-

307 1086 375 1146 ‹lits
390 1077 597 1166 dsllapssou'lou
611 1085 718 1144 notio‘l
739 1096 839 1148 tamen
852 1085 913 1146 boo
926 1084 999 1146 mibi
1011 1085 1153 1165 Syropuli
1166 1083 1362 1162 suffragi-
1377 1086 1441 1144 eri-

308 1189 381 1254 pere
395 1172 544 1248 Crsygtou
557 1169 707 1249 interpres
721 1181 863 1232 conatur:
885 1192 945 1252 quo
964 1189 1121 1244 successu,
1142 1169 1318 1229 videndum
1341 1172 1441 1231 modo

307 1264 410 1317 restat.
452 1256 504 1314 illa
524 1255 619 1335 priori
634 1275 673 1313 ex
689 1257 828 1316 indicatis
847 1257 940 1332 loeis,
964 1260 1047 1319 c.17
1069 1260 1176 1318 seut-⁵3
1194 1276 1227 1336 p·
1244 1259 1308 1330 62,
1337 1259 1441 1316 verbs

309 1335 413 1402 illaesi
425 1335 459 1401 ll
477 1339 549 1416 (boc
564 1348 609 1400 est
621 1342 689 1424 epla
704 1342 833 1422 latum)
849 1341 892 1416 sle
910 1335 1118 1422 διβᾶμβουλον
1132 1334 1442 1421 μετεσκευᾶσθηση

308 1425 354 1488 sic
375 1423 485 1485 vertits
511 1421 567 1482 ml
583 1423 642 1484 lsae
663 1464 672 1486 .
694 1468 703 1485 .
725 1471 735 1490 .
757 1439 819 1486 tres
833 1425 962 1508 pyxides
983 1429 1017 1485 in
1040 1446 1149 1500 ursam,
1170 1421 1225 1483 sed
1244 1424 1391 1485 eandem
1409 1441 1442 1484 a

304 1513 462 1592 genuinam
481 1511 654 1590 ampullam
672 1510 823 1590 prodisse.
863 1513 942 1572 idem
963 1531 1054 1591 porro
1070 1511 1102 1571 in
1117 1511 1198 1569 notis
1212 1510 1254 1569 sd
1274 1529 1355 1570 eum
1379 1513 1440 1572 lo-

305 1615 379 1656 cum
393 1595 497 1655 doust:
530 1595 740 1676 dibambylum
755 1618 818 1657 esse
833 1616 851 1656 s
864 1597 968 1658 Lstins
980 1617 1057 1656 uoce
1068 1596 1225 1676 ampulla,
1247 1617 1439 1678 sonusque

305 1681 483 1765 ampullam
496 1680 681 1762 degrutlurem
692 1686 814 1761 gemino
828 1703 879 1741 ure
893 1703 947 1742 sess
959 1684 1115 1763 epistumio
1132 1701 1261 1760 superne
1272 1683 1437 1742 limum

305 1765 454 1828 debueret
470 1776 570 1828 sutem
586 1766 696 1827 addere
711 1787 800 1846 quem
819 1787 907 1827 usum
925 1768 986 1826 tole
1002 1787 1057 1827 vsa
1075 1765 1228 1844 hebuerit,
1251 1777 1309 1826 sut
1331 1789 1434 1847 qusm

307 1851 348 1911 ob
363 1871 482 1911 osussm
501 1851 584 1912 ituro
602 1851 634 1911 in
648 1851 762 1912 ltaliam
777 1851 947 1934 patriarcha
963 1853 1198 1913 instrumentum
1213 1852 1279 1911 eius
1301 1853 1431 1913 formae

306 1946 368 1995 tsm
383 1937 500 1996 solicite
512 1945 651 2017 peretum
664 1939 771 2014 luerit,
793 1938 890 1999 tribus
908 1938 998 1998 etism
1012 1939 1103 1998 sset-is
1120 1955 1158 1996 ex
1176 1937 1266 1996 sltsri
1285 1939 1378 1996 vasis
1394 1940 1431 1999 in

257 2026 261 2032 ’
304 2020 340 2081 id
365 2019 526 2080 conlislis:
562 2030 721 2083 contentus
750 2024 861 2084 erroris
892 2023 1035 2083 damnare
1061 2024 1234 2082 Gretserum
1258 2023 1428 2100 Iesaitssn,

305 2106 390 2186 quod
411 2106 465 2168 lib.
479 2107 644 2167 Cumment.
663 2109 696 2168 in
716 2111 822 2172 Codin.
840 2113 861 2176 8
882 2111 939 2172 c.1
971 2129 1003 2188 p.
1017 2113 1080 2173 217
1107 2105 1321 2186 dibambylum
1344 2130 1429 2168 aum

304 2189 451 2270 lampada
467 2191 639 2270 confundit.
680 2193 713 2254 id
730 2215 802 2257 vero
817 2193 957 2254 Gretsero
975 2193 1050 2253 fslso
1064 2192 1246 2274 imponitur.
1287 2192 1314 2252 is
1335 2195 1428 2256 enim

303 2276 347 2333 ibi
364 2285 481 2336 matum
501 2277 577 2334 dicit
593 2277 652 2336 sibi
668 2279 741 2339 sliss
763 2301 825 2340 nun
841 2279 1028 2359 displicuisse
1042 2279 1249 2359 dsssoipliuuiur
1270 2277 1334 2337 dici
1361 2301 1426 2338 au-

303 2377 388 2416 reum
401 2369 525 2417 aoatans
539 2363 593 2417 oui
606 2361 728 2441 lampae
740 2365 964 2443 imponebatur,
984 2362 1040 2423 sed
1049 2383 1081 2420 ee
1094 2365 1128 2421 s'n
1142 2363 1209 2422 alia
1222 2373 1319 2420 mente
1331 2383 1426 2422 maesse

302 2462 373 2501 sese.
416 2443 470 2522 qui
493 2443 550 2503 etsi
577 2464 638 2503 uon
661 2456 803 2508 mutasset
825 2450 1017 2526 sententium,
1047 2448 1108 2509 diei
1132 2469 1190 2509 non
1211 2456 1314 2527 posset
1340 2469 1427 2509 euna

301 2525 480 2605 confudisse
498 2526 708 2609 dslrambylum
725 2554 795 2591 cam
817 2532 970 2613 lampade.
1012 2534 1093 2594 eliud
1109 2534 1183 2594 enim
1204 2532 1423 2611 est'lampae,

303 2613 388 2687 sliud
402 2624 510 2673 contus
520 2626 647 2694 gestans
661 2616 842 2698 lampadem.
885 2618 992 2699 quodsi
1012 2628 1120 2679 contus
1137 2616 1315 2694 intelligitur
1330 2616 1422 2677 bifi-

302 2699 361 2759 dus
375 2699 454 2759 duos
468 2700 554 2779 qussi
566 2720 666 2761 remus
680 2705 875 2784 protendens,
891 2724 1022 2784 quorum
1037 2705 1162 2785 quisque
1173 2703 1204 2761 in
1217 2720 1333 2760 summo
1345 2700 1420 2764 ha-

301 2784 370 2845 best
382 2785 518 2846 loculum
526 2806 561 2846 us
582 2787 688 2848 iendse
697 2789 830 2871 lampadi
842 2801 958 2871 aptum,
965 2810 1064 2850 versus
1073 2782 1423 2873 dedapllodlouexpres-

302 2870 392 2929 sisset
403 2808 717 2951 umuomslormsm
740 2886 772 2935 et
785 2876 811 2935 si
823 2876 941 2936 audiret
952 2895 1039 2935 suum
1051 2876 1236 2957 Syropulum
1248 2874 1419 2953 Creygton,
1498 2948 1499 2965 Χ

301 2954 382 3013 idem
397 2954 461 3034 ipse
477 2959 587 3017 sentire
607 2958 761 3023 debueret.
802 2961 847 3019 sio
863 2961 942 3019 enim
957 2980 1019 3019 non
1036 2960 1185 3025 laboraret
1199 2960 1230 3019 in
1244 2959 1419 3021 divinando

302 3059 446 3117 quorsum
466 3038 492 3101 is
509 3042 723 3126 lupnadosipou
743 3049 940 3105 instrumenti
956 3044 1155 3124 lampadibus
1174 3044 1337 3125 gestandis
1361 3068 1417 3103 aa·

301 3121 488 3183 commodati
508 3129 690 3189 mentionem
709 3152 738 3189 v.
752 3132 794 3195 56
815 3132 922 3207 locist,
943 3152 1058 3213 ponens
1076 3130 1109 3192 id
1131 3130 1314 3191 vocabulum
1332 3140 1416 3189 tsm-

300 3228 391 3289 qusm
416 3230 619 3291 synonymum
638 3210 855 3295 deliopdou'lou.
903 3225 936 3275 st
958 3215 1035 3275 nihil
1056 3216 1223 3277 mirabilius
1246 3225 1291 3275 est
1315 3234 1413 3293 quesn

300 3292 384 3371 quod
398 3296 532 3355 omnium
545 3295 654 3357 borum
671 3300 782 3389 oblitus
797 3302 962 3381 Craygton,
986 3300 1058 3361 dum
1081 3322 1107 3365 c.
1124 3302 1167 3367 24
1187 3300 1297 3365 secti
1319 3320 1350 3379 p.
1366 3304 1411 3367 9⁹

299 3379 412 3438 iterum
430 3378 495 3439 illic
516 3392 711 3443 memoratum
733 3406 750 3442 s
768 3406 821 3445 suo
836 3386 987 3467 Syrupulo
1003 3381 1209 3467 διβᾶμβουλον
1225 3388 1410 3464 interprete·

299 3472 360 3539 tur,
383 3465 536 3523 aestiuum
548 3468 740 3546 papilionem
758 3470 792 3529 id
812 3473 952 3551 sppellst.
995 3482 1025 3530 et
1046 3472 1192 3530 Natarum
1215 3492 1247 3551 p·
1266 3473 1306 3535 18
1323 3468 1408 3529 buno

298 3547 403 3608 locum
417 3548 581 3629 iudigitsns
602 3553 646 3612 sio
665 3554 787 3615 scribit:
806 3552 1013 3637 tiulppoolov
1025 3559 1068 3627 ¹in
1087 3556 1145 3615 hoa
1162 3556 1227 3615 loeo
1248 3557 1334 3613 amni
1349 3553 1408 3613 du-

297 3632 466 3713 liupr-ocal
477 3636 577 3695 velum
591 3640 748 3718 significat
762 3642 979 3703 umbratile...
993 3680 1003 3702 .
1016 3638 1101 3701 illud
1114 3643 1193 3700 enim
1207 3640 1308 3700 uelum
1321 3637 1408 3715 dum,

298 3728 336 3777 ut
348 3719 489 3779 umbram
500 3734 621 3799 armat,
643 3746 666 3783 u
679 3737 767 3784 conto
783 3728 918 3807 longiori
930 3748 1029 3806 eupru
1049 3726 1164 3807 capitis
1172 3728 1344 3807 fastigium
1359 3746 1408 3782 es·
1497 3756 1499 3761 ·

292 3804 449 3883 plicatur,
470 3809 634 3868 incurvum
655 3821 686 3867 et
708 3824 895 3871 cameratum
915 3814 1067 3889 fornicem
1087 3822 1306 3891 repraesentat,
1329 3808 1408 3867 dum

297 3910 405 3950 rursus
417 3889 465 3950 ad
479 3904 603 3952 contum
616 3893 785 3976 reducitur,
806 3909 976 3955 ventrosam
989 3898 1194 3976 lagunculam
1210 3908 1269 3955 aut
1282 3896 1408 3977 ampul-

298 3972 373 4035 lam.
413 3976 447 4036 in
461 3976 511 4037 bis
525 3998 587 4038 non
605 4000 715 4060 quaero
734 4002 791 4041 cur
805 3982 925 4043 dicatur
936 3983 1084 4061 umbella,
1104 3982 1180 4053 sive,
1200 3992 1237 4041 ut
1250 3982 1406 4058 Creygton

296 4054 451 4140 loquitur,
473 4065 611 4123 motivas
621 4068 764 4146 papilio,
786 4067 925 4126 unsbram
943 4090 1058 4146 arcere,
1080 4088 1150 4127 oum
1165 4068 1228 4126 soli
1238 4065 1341 4146 potius
1354 4085 1405 4122 ar-

188 4157 212 4212 1²
228 4150 281 4211 475
298 4140 392 4237 “fudo
414 4154 444 4205 et
464 4149 588 4210 umbrae
603 4152 757 4211 lstieudse
778 4164 983 4231 comparatum
1002 4153 1149 4213 eiusmodi
1166 4153 1403 4212 instrumentum

294 4233 347 4289 otis
388 4227 466 4289 illud
484 4233 572 4295 etism
591 4245 682 4315 atque
702 4238 790 4297 etism
807 4238 957 4316 expliosre
972 4238 1174 4318 Creygtonum
1189 4256 1229 4296 ns
1247 4244 1403 4315 gravetur,

291 4328 384 4391 5⁰3⁰,
405 4327 465 4392 qus
479 4319 602 4391 ,tundens
621 4320 741 4393 ustione
759 4322 916 4385 mennam
936 4324 1034 4383 trium
1050 4322 1204 4404 pyxidum
1222 4320 1352 4383 oonllssi
1367 4320 1401 4380 ia
