3009 4900
291 287 365 360 seo
566 267 822 359 'ossmvm
845 285 1105 356 remense..

293 457 390 520 13062
411 461 487 512 tuac
504 453 584 512 enim
599 451 803 527 Andronicus,
824 453 873 512 coi
893 453 1006 532 prinmo
1019 470 1037 510 a
1051 451 1148 532 petris
1164 455 1317 509 mortae
1341 443 1437 523 iqui
1486 476 1487 499 ;

292 559 388 600 aniius
399 539 459 598 tuit
472 543 562 614 1285,
584 539 755 600 vicesimum
769 539 890 598 tertium
901 539 1086 617 principatus
1098 556 1252 596 annum
1271 533 1438 592 absolves
1486 528 1487 569 l

291 634 323 684 et
342 625 514 684 vicesimum
532 634 673 700 quartum
695 624 904 694 inchoaverat,
926 623 1155 695 blicliatlvero,
1186 623 1319 679 cuius
1343 616 1445 696 prin

289 729 386 776 sanius
400 711 515 788 imperii
531 729 598 768 cum
612 710 703 786 patria
718 710 876 770 undecimo
893 709 1001 767 Christi
1016 713 1098 772 1293
1113 705 1353 776 concurrit,
1378 706 1449 780 paie-

290 797 405 875 cipatus
419 795 628 855 duodecimum
643 815 755 854 annum
768 795 933 867 evolverat,
956 793 1102 853 decimum
1115 794 1287 852 tertium
1309 789 1450 846 iniectas

376 881 422 940 vt.
463 881 556 956 Atqui
573 900 640 940 eum
657 879 715 938 hoc
731 879 849 958 quidem
862 888 999 940 conatus
1014 880 1118 956 nequit
1132 878 1247 954 qaod
1267 873 1453 952 Pachynos
1479 926 1480 937 .

289 986 337 1026 rea
353 985 391 1026 ex
405 965 539 1045 publicae
557 968 714 1026 memoriae
732 965 926 1038 umentis,
947 973 1100 1042 tamquam
1118 963 1382 1021 certissimum
1401 969 1454 1016 ets

289 1072 321 1110 se
335 1053 446 1125 visum,
468 1059 628 1124 asseverat,
650 1052 843 1110 Rontserium
857 1069 956 1111 mense
968 1049 1135 1128 Septembri
1145 1048 1357 1106 secundae
1375 1045 1455 1104 indi-

289 1137 395 1198 ctionia
416 1137 562 1215 appulisse
585 1136 881 1214 Constantinopolim.
922 1134 981 1194 hoc
1004 1154 1086 1193 nunc
1109 1133 1406 1192 demonstratur
1424 1149 1456 1186 es

289 1224 363 1282 serie
378 1240 413 1280 ac
427 1241 506 1282 nexu
530 1241 629 1281 rerum
645 1222 867 1298 intervallisque
880 1230 1048 1299 temporum
1065 1219 1180 1276 diserte
1202 1217 1455 1278 memorari„

288 1307 476 1386 l’ecliymere.
520 1307 696 1365 llonteerius
714 1306 880 1386 Septembri
900 1306 1046 1364 secundae
1061 1304 1281 1372 indictionis,
1313 1304 1393 1362 hoe
1412 1312 1454 1358 est

289 1414 336 1452 an.
345 1391 413 1452 chr.
425 1395 515 1462 1508,
538 1392 569 1450 in
587 1392 691 1451 urbem
708 1393 850 1471 appulsus
866 1392 904 1449 ab
918 1390 1088 1450 Andronico
1099 1389 1288 1468 magnifice
1318 1388 1453 1464 excipi·

287 1489 348 1552 tur,
362 1495 484 1555 magnus
497 1475 562 1535 dux
578 1487 707 1548 creatur,
719 1497 844 1537 uxorein
857 1476 942 1536 ducit
953 1477 1143 1554 imperatoris
1157 1485 1328 1553 neptem,
1350 1476 1450 1551 Cyzi-

289 1583 357 1622 cum
377 1563 409 1620 in
426 1562 555 1622 hiberna·
573 1563 678 1622 missus
690 1564 722 1622 in
743 1562 876 1641 digressu
891 1563 928 1620 ab
944 1562 1019 1621 urbe
1036 1583 1054 1619 a
1067 1561 1306 1619 Genuensibua
1332 1578 1449 1636 oppu-

185 1651 275 1706 P580
290 1657 407 1728 gantur.
449 1647 525 1706 heac
539 1659 658 1708 narrate
676 1649 696 1708 l.
711 1649 731 1714 6
749 1669 776 1707 c.
791 1650 830 1713 14
842 1649 926 1707 lacile
938 1646 1086 1723 reliquam
1103 1647 1175 1704 anisi
1196 1651 1302 1709 1303
1321 1645 1442 1722 exple-

291 1735 400 1794 verint.
442 1733 535 1811 iqitur
549 1733 625 1792 circa
638 1733 757 1793 initium
770 1732 840 1792 anni
852 1732 963 1792 Christi
979 1731 1059 1795 1304
1072 1732 1195 1808 excepti
1213 1751 1235 1787 a
1249 1731 1439 1809 Cyzicenis

292 1819 423 1879 Cetelsni
447 1821 532 1878 uberi
550 1828 579 1877 et
600 1821 718 1896 copioso
739 1819 880 1899 hospitio,
902 1817 978 1876 nihil
993 1816 1091 1876 minus
1112 1818 1310 1895 cogitarunt
1331 1834 1434 1892 qnam

291 1906 376 1966 cuius
392 1925 479 1964 cause
493 1905 574 1964 missi
588 1915 688 1980 erent,
710 1905 812 1964 Perses
827 1900 1147 1980 ulterioribusimpffli
1165 1901 1360 1980 provinciis
1376 1901 1429 1958 in·

289 1993 378 2050 festos
396 1999 597 2069 oppugnatum
609 1991 661 2048 ire.
704 1989 803 2066 itaque
815 1989 1011 2068 perstiterunt
1024 2008 1046 2044 a
1057 2007 1122 2045 vere
1132 1987 1199 2044 illic
1217 1986 1268 2044 ad
1280 1989 1428 2046 Aretu-

290 2097 375 2153 rum‚
397 2085 431 2134 ut
449 2076 552 2135 scribit
569 2074 779 2155 Pachymeres,
802 2075 862 2134 hoc
878 2084 925 2133 est
943 2074 981 2132 ab
999 2073 1101 2150 Aprile
1120 2071 1162 2129 sd
1181 2072 1421 2152 Septembrem,

290 2181 351 2240 quo
369 2180 469 2222 mense
486 2163 582 2220 oritur
593 2162 740 2222 Arcturus
762 2161 848 2220 stella
863 2159 1003 2218 undecim
1022 2155 1129 2215 diebus
1149 2169 1230 2214 arete
1249 2161 1418 2237 aequius>

289 2251 386 2304 ceiam
401 2250 554 2306 autumni.
595 2249 687 2308 verba
699 2255 770 2305 sunt
785 2247 869 2306 Plinii
883 2246 901 2304 l.
915 2250 937 2310 2
951 2265 976 2303 c.
990 2242 1041 2308 47.
1082 2243 1119 2301 iia
1130 2243 1238 2300 verbis
1254 2243 1415 2322 signifieat
1481 2256 1482 2279 ¹

286 2329 449 2390 historicus
461 2333 632 2392 universam
646 2351 695 2390 eos
708 2341 913 2411 tempestatem
925 2339 1023 2410 eptem
1035 2327 1282 2407 expeditionibus
1293 2330 1333 2386 in
1344 2338 1412 2385 sta-

137 2478 149 2489 ,
285 2415 356 2472 tivis
371 2416 595 2492 consumpsisse,
617 2437 677 2475 non
693 2427 756 2475 tam
772 2416 943 2490 desidendo,
964 2414 1048 2495 quod
1058 2415 1156 2493 ipsum
1171 2421 1252 2471 esset
1263 2413 1407 2491 flagitio-

190 2558 197 2571 ,
285 2516 369 2567 sum,
395 2516 485 2573 quem
503 2498 784 2574 depraedationibus
797 2503 990 2562 ebrietatibus
1001 2500 1220 2559 extorsionibus
1230 2502 1349 2576 stupris
1367 2506 1403 2554 et

284 2580 368 2641 nullo
380 2600 442 2639 non
456 2581 631 2641 iniuriarum
644 2586 773 2643 maxime
783 2586 1012 2645 intolerabilium
1023 2604 1128 2665 genu-e
1138 2583 1315 2643 miserim
1326 2581 1398 2640 lao—

285 2668 376 2745 apites
394 2667 543 2728 vexando.
587 2688 663 2745 quae
676 2670 786 2731 scelera
796 2690 858 2729 non
871 2672 969 2731 serens
979 2670 1136 2731 Pharenda
1150 2670 1353 2728 Tainesuana
1369 2685 1392 2723 e

285 2752 397 2813 Latinis
409 2752 549 2830 ducibus,
572 2774 639 2833 pars
658 2756 779 2815 militiae
791 2757 890 2829 istius,
911 2756 1041 2816 sednon
1054 2751 1392 2829 subiectusllontzerio,
1478 2755 1481 2810 i

287 2847 319 2896 at
329 2839 383 2897 sibi
400 2840 520 2918 proprie
536 2850 707 2901 auctoratos
718 2842 829 2901 milites
842 2842 978 2919 ductans,
1000 2862 1060 2901 nna
1071 2861 1141 2900 cum
1151 2840 1189 2899 iis
1202 2840 1321 2898 recessit
1330 2858 1393 2918 pa-

286 2924 376 2981 triam
395 2936 548 3002 repetens,
569 2933 605 2984 ut
627 2928 723 2987 tradit
736 2926 930 3005 Pachymeres
948 2928 1002 2989 l.5
1022 2947 1048 2985 e.
1064 2930 1114 2989 14.
1156 2944 1193 2983 ea
1208 2933 1321 2983 aestate
1337 2942 1395 3003 pet

285 3017 382 3066 totam
392 3010 502 3087 passim
516 3010 697 3073 Orientalem
711 3014 829 3092 imperii
841 3014 984 3073 ditionem
996 3010 1184 3071 licentissime
1197 3011 1307 3069 Peraea
1319 3010 1394 3069 bar-

285 3092 353 3161 bari
372 3094 496 3171 egebant
515 3094 708 3174 ferebantque
730 3107 853 3173 cuncta3
873 3098 955 3174 quod
973 3100 1035 3157 iuss
1052 3096 1232 3155 describitur
1248 3116 1271 3152 a
1288 3104 1393 3155 nosue

285 3177 307 3237 l.
321 3176 340 3241 5
357 3198 382 3237 c.
398 3186 448 3244 21.
491 3198 584 3257 quere
597 3182 735 3242 soliciteti
747 3184 947 3257 liontzerieni,
966 3193 1003 3243 ut
1015 3182 1164 3261 suppetias
1176 3183 1332 3259 oppressis
1341 3200 1395 3239 aa·

289 3274 462 3337 currerent,
486 3284 555 3325 cum
572 3266 609 3324 ab
624 3268 688 3326 aliis
701 3277 767 3327 tum
781 3288 800 3326 a
812 3268 927 3328 Marule
939 3264 1129 3347 imperatorio
1142 3266 1233 3339 duce,
1255 3268 1312 3343 qui
1325 3286 1393 3325 eum

288 3348 435 3425 aliquibus
447 3350 587 3409 Romanis
601 3354 692 3430 copiis
707 3353 860 3413 admixtus
871 3354 1018 3411 Cetelenis
1028 3350 1127 3430 Cyzici
1142 3350 1282 3429 degebat,
1303 3352 1394 3411 variis

286 3451 401 3510 semper
415 3436 619 3511 praetextibus
632 3440 846 3515 prosectionem
857 3438 1041 3497 differebant.
1082 3445 1191 3494 etcum
1207 3437 1274 3514 ipse
1287 3436 1393 3497 tteru-
1486 3463 1487 3478 ¹

285 3516 414 3577 lessam
439 3519 516 3592 suis,
537 3520 650 3579 frustra
673 3522 800 3583 invitato
820 3524 991 3598 Rontserio,
1012 3521 1155 3581 adversas
1174 3532 1340 3600 provectos
1362 3523 1394 3580 in

285 3602 426 3661 viciniam
443 3601 542 3662 hostes
554 3624 677 3665 movens
692 3627 834 3688 prospere
846 3617 1013 3687 pugnasset,
1033 3606 1141 3686 praede
1157 3626 1247 3683 qaam
1262 3606 1305 3665 de
1318 3608 1393 3666 Per·
1486 3599 1487 3676 l

285 3687 324 3745 sis
342 3688 403 3766 ipse
419 3696 449 3745 et
470 3691 531 3747 eius
549 3690 657 3750 milites
677 3693 826 3771 tulerant,
847 3694 988 3753 redeunti
1005 3692 1180 3749 aCatelanis
1201 3698 1247 3749 eet
1260 3701 1391 3753 extorta
1486 3681 1487 3762 l

285 3792 355 3831 cum
369 3782 492 3852 propter
504 3772 578 3833 haec
591 3787 623 3835 et
633 3778 727 3835 multa
743 3780 815 3839 talia
826 3780 859 3838 ia
873 3779 940 3837 aule
954 3778 1091 3838 nuntiata
1101 3776 1186 3855 gravi
1197 3777 1390 3837 Rontzeriaui
1485 3783 1488 3795 ’

285 3856 407 3919 infamia
431 3859 511 3938 apud
536 3861 745 3941 imperatorem
767 3865 953 3937 laborarent,
982 3864 1131 3941 protectus
1150 3862 1184 3919 iu
1204 3862 1316 3921 urbem
1333 3863 1389 3921 sub
1485 3816 1488 3988 Ι

286 3944 356 4001 anni
375 3945 489 4019 finem‚·
506 3954 542 4003 ut
561 3946 697 4022 udone,
724 3949 903 4010 Rontseriue
920 3948 1006 4009 facile
1025 3948 1124 4007 omnia
1143 3946 1266 4005 credulo
1285 3956 1317 4005 et
1332 3948 1388 4005 sibi

286 4024 407 4119 addicto
424 4028 594 4091 Andronico
615 4033 771 4111 purgavit3
790 4035 991 4115 grandemque
1004 4033 1042 4090 ab
1055 4052 1091 4091 eo
1108 4032 1264 4111 pecuniam
1276 4033 1389 4110 scoepit
1486 3991 1488 4062 l

285 4126 316 4163 sn
330 4112 487 4189 stipendia,
511 4126 547 4176 ut
562 4117 668 4193 aiebat,
689 4118 871 4194 Almanam,
892 4139 967 4197 quos
980 4120 1069 4177 etism
1085 4117 1236 4177 admixtos
1251 4118 1314 4176 suis
1326 4118 1387 4194 Cy·

284 4190 342 4249 eici
353 4192 499 4273 babebat,
520 4202 760 4281 expendendam
781 4216 812 4264 et
824 4206 968 4284 promissa
979 4203 1106 4281 ingentia
1117 4202 1240 4261 alterius
1254 4220 1385 4261 summae

285 4290 323 4331 ex
342 4278 503 4343 codetione
522 4288 706 4349 tributorum
725 4290 804 4351 intra
816 4289 1074 4369 quadragesimum
1092 4287 1165 4350 inde
1184 4286 1264 4347 diem
1277 4304 1384 4349 name-
1486 4315 1487 4334 .
