3009 4900
397 301 505 370 ‘nu
527 299 583 370 111.
621 301 987 403 cunonoroelcns.
1183 307 1257 378 ere

27 448 30 464 Ι
108 489 212 527 cum
234 465 281 524 ub
297 465 333 524 iis
347 473 512 544 expugnatu
529 466 620 526 luerit
640 487 718 525 enno
738 465 849 526 Christi
869 471 951 534 1108
964 467 1013 527 die
1027 473 1067 534 12
1079 469 1207 550 Aprilis,
1229 481 1259 530 et

113 553 283 612 Graecis
303 551 418 610 reddite
441 571 520 609 enno
541 550 654 612 Christi
681 555 759 616 1261
784 553 832 611 die
852 553 894 617 2⁵
915 555 1025 614 mensis
1038 554 1117 614 lulii.
1158 557 1258 616 fiendi

25 698 29 724 1
114 638 304 697 nimirum
318 635 539 718 hhulpheregio
551 637 625 710 luit,
649 636 730 714 quod
747 636 822 696 haec
843 648 973 714 cuncta,
994 650 1088 718 prout
1100 641 1190 699 simul
1201 661 1257 700 au-

118 726 273 792 dierat,
297 741 360 780 uno
375 723 454 780 fasce
469 722 502 780 in
513 741 631 780 aunum·
642 723 689 780 sui
702 720 844 782 Chronici
860 724 984 782 unicum
995 727 1162 804 congessit3
1183 745 1260 802 quae

26 863 31 875 ‚
121 811 157 868 si
176 808 405 880 distinxisset,
426 807 625 886 perducturus
648 807 746 866 luerit
764 807 804 866 ad
818 827 929 868 aunum
944 809 1069 886 Hegirae
1083 815 1157 884 669,
1171 811 1258 870 cuius

25 886 30 898 ’
120 893 306 952 kalendae
336 891 520 952 Mulrenumi
542 911 610 951 cum
628 891 750 950 inierint
770 915 787 951 a
808 893 857 952 die
882 902 967 953 serta
989 894 1161 954 Decembris
1187 897 1259 954 anni

128 978 272 1037 Christi
293 981 382 1051 1260,
397 977 503 1036 iuniori
515 977 561 1037 sui
576 987 661 1057 perte
675 997 772 1036 sunus
786 979 838 1037 ille
851 979 994 1039 Arabicus
1012 999 1084 1041 cum
1095 979 1213 1040 Iuliano
1226 981 1260 1040 iu

130 1085 218 1123 aere
236 1073 345 1122 nostre
356 1063 474 1142 vulgari
491 1067 569 1128 1261
583 1062 746 1128 concurrit,

26 1209 28 1219 ,
242 1149 286 1206 X.
328 1147 518 1225 ignoscemus
531 1155 639 1223 sutem,
662 1166 781 1223 censeo,
804 1146 1026 1229 hbulphsragio
1039 1151 1160 1230 culpam
1171 1149 1259 1208 istam

26 1237 29 1302 Ῐ
137 1233 410 1312 qualemcumque
435 1234 628 1291 confusorum
653 1235 684 1291 in
708 1251 804 1290 unum
827 1254 974 1294 annorum
997 1245 1142 1313 quatuor,
1170 1255 1261 1314 quam

25 1383 28 1393 ¹
139 1327 286 1376 excuset
298 1319 330 1376 in
346 1317 467 1377 homine
491 1317 587 1377 drsbe
604 1335 726 1397 peregre
742 1317 868 1395 degente
887 1319 939 1379 vir
956 1321 1104 1381 evitabilis
1117 1321 1261 1398 ignoren-

26 1407 28 1418 '
141 1404 191 1462 tia
216 1422 325 1462 rerum
346 1405 524 1463 Graecarum
539 1402 620 1460 haud
641 1423 696 1484 per
712 1423 741 1461 se
759 1423 939 1484 magnopere
957 1405 1121 1484 insignium
1138 1415 1168 1466 at
1184 1405 1260 1464 locis

26 1497 27 1504 ’
144 1510 164 1546 u
183 1489 374 1547 commercio
391 1489 524 1566 abruptis
539 1497 774 1564 trensectsrum,
796 1509 866 1548 cum
878 1492 1055 1569 praesertim
1067 1491 1172 1551 eodem
1187 1500 1259 1549 tem-

147 1593 232 1654 pore
256 1583 373 1633 mentes
393 1575 432 1632 ed
454 1593 484 1632 se
506 1574 639 1632 omnium
662 1593 717 1654 per
731 1574 902 1634 interiorem
918 1575 1260 1658 Asiamrspereutpro-

24 1645 27 1678 ”
149 1659 271 1736 digiosi
301 1658 483 1738 Megalensis
509 1657 625 1738 imperii
654 1659 711 1717 sub
735 1661 877 1738 auspiciis
898 1661 1031 1720 Heleon
1051 1661 1117 1721 sive
1138 1661 1261 1720 Chalaii

24 1817 25 1824 ἵ
150 1763 352 1826 progressus,
374 1763 431 1804 nec
452 1742 491 1802 iis
507 1744 634 1824 apetium
655 1744 713 1802 ulis
731 1744 819 1822 longe
834 1743 949 1804 minora
970 1746 1140 1806 distinctius
1154 1746 1259 1804 ohser-

24 1841 26 1852 '
152 1829 255 1890 vendi
270 1829 484 1910 relinquerent.
525 1849 594 1888 nem
616 1831 716 1888 stetim
729 1840 799 1910 post
812 1851 924 1890 sunum
941 1831 1029 1891 illum
1048 1831 1172 1909 liegirae
1185 1831 1260 1906 655,

157 1935 221 1993 quo
236 1925 405 1992 eegrotssse
416 1913 607 1974 Theodorum
623 1917 808 1974 Graecorum
830 1915 1039 1996 imperatorem
1062 1917 1156 1976 tradit
1167 1916 1261 1974 Abul-

157 1999 322 2080 phersgius
330 2043 338 2078 ,
359 2021 422 2059 non
435 2000 512 2058 mela
524 2001 562 2057 ad
576 2009 708 2060 nostrum
726 2000 950 2078 chronologiam
964 2012 1048 2061 tome
1060 2001 1157 2081 priori
1170 2021 1197 2058 c.
1212 2001 1260 2058 ul-

159 2085 237 2143 timo
260 2085 322 2150 18
351 2085 601 2146 Observationum
625 2105 796 2164 expensum.
845 2087 902 2144 etsi
923 2088 1001 2146 enim
1019 2087 1083 2145 illic
1105 2107 1162 2144 noa
1179 2106 1259 2143 anno

162 2168 278 2227 ¹Glnisti
302 2173 394 2246 1268,
424 2170 624 2249 respondente
650 2190 731 2228 auno
759 2169 886 2248 Hegirae
905 2173 985 2250 666,
1009 2172 1138 2251 primum
1161 2171 1260 2230 morbi

163 2253 317 2312 Theodori
342 2255 524 2314 mentionem
544 2255 747 2334 posuerimus,
768 2257 849 2334 quod
863 2265 938 2314 tuuc
950 2257 1155 2334 ingravescere
1168 2255 1261 2331 magis

165 2341 313 2418 coeperit,
342 2341 480 2420 superins
501 2350 600 2400 tamen
622 2340 783 2400 inolevisse
797 2361 858 2400 uon
879 2361 1038 2419 negamus:
1059 2342 1151 2400 immo
1165 2340 1199 2400 id
1210 2339 1263 2398 hi-

165 2425 275 2485 storiae
287 2426 376 2485 series
387 2427 510 2485 indicet.
553 2428 676 2503 stetim,
697 2427 835 2506 inqusm,
857 2435 945 2505 post,
973 2447 1081 2509 nempe
1098 2445 1178 2487 enno
1196 2429 1261 2485 He-

167 2512 245 2589 giree
260 2514 331 2587 656,
346 2513 430 2571 cuius
444 2512 500 2571 suit
514 2512 633 2571 initium
651 2512 713 2571 dies
722 2512 857 2571 Ianuarii
870 2522 993 2573 octavus
1005 2514 1037 2572 iu
1053 2534 1132 2572 anuo
1150 2511 1261 2571 Christi

167 2596 256 2656 modo
267 2606 431 2657 memorato
447 2597 539 2671 1258,
552 2597 668 2657 llulscu
681 2618 782 2661 mensa
794 2600 861 2676 ipso
873 2603 944 2657 anni
957 2599 1055 2677 primo
1067 2597 1261 2659 Muharramo

170 2682 351 2761 oppugnarit
372 2684 616 2761 expugnavitque
643 2682 676 2741 vi
704 2704 820 2741 summe
848 2684 953 2741 urbem
980 2684 1069 2759 longe
1102 2683 1263 2741 maximam

111 2776 119 2797 '
169 2767 355 2844 Begdedum,
378 2769 449 2826 olim
465 2766 648 2845 Babylonem
662 2766 783 2841 dictem,
805 2766 996 2844 metropolim
1009 2765 1092 2843 regui
1113 2765 1263 2845 caliphae.

174 2852 267 2929 quoin
284 2854 419 2911 ordinem
436 2851 569 2921 redacto,
590 2851 768 2928 ditioneque
780 2851 845 2910 eius
858 2850 889 2908 in
900 2851 1018 2929 imperii
1034 2851 1176 2928 Megulici
1188 2871 1264 2930 pro·

175 2936 296 2995 vinciam
318 2958 479 3011 conversa,
508 2935 668 2995 finitimum
688 2936 845 3015 dynastsm
867 2935 1184 2995 llauseleedominum
1203 2935 1261 2994 mi·
1278 2950 1300 3004 Ρ
1318 2950 1369 3004 590

176 3023 220 3081 nis
236 3020 370 3082 territum
383 3022 439 3080 sihi
457 3021 648 3081 tributarium
659 3021 746 3096 lecit3
770 3030 801 3079 et
813 3020 996 3101 Astraphum
1012 3021 1187 3101 dynastem,
1209 3041 1262 3079 er·

177 3107 215 3165 cis
228 3107 436 3167 munitissimae
453 3106 563 3166 fiducie
582 3108 685 3184 iugum
705 3107 805 3165 subire
824 3105 1056 3182 detrectantem,
1084 3108 1117 3165 in
1132 3106 1196 3186 ipso
1209 3106 1262 3165 ills

179 3212 224 3251 sus
236 3194 306 3253 urbe
324 3192 587 3272 Mihepherekino,
618 3192 692 3251 licet
712 3192 955 3271 inexpugnabili,
977 3192 1054 3251 fame
1077 3190 1261 3252 domandum

179 3278 294 3337 obsideri
307 3280 393 3338 iussit
406 3299 422 3335 ιι
436 3278 504 3337 suis.
547 3278 670 3336 duravit
683 3277 798 3336 obsidio
811 3278 880 3355 plus
892 3278 1020 3340 biennio.
1048 3276 1171 3336 taudem
1181 3296 1262 3335 enno

179 3363 292 3441 llegirse
306 3366 368 3429 658
385 3353 550 3445 hstrsplius
566 3364 714 3442 plerisque
729 3382 853 3422 suorum
874 3363 951 3420 fsma
966 3361 1131 3443 absumptis
1150 3361 1261 3420 dedens

181 3468 236 3507 sese
246 3448 279 3506 sd
297 3448 416 3507 Hulscu
432 3450 623 3527 perducitur,
648 3452 678 3507 ei
692 3449 778 3507 iussu
791 3447 855 3505 eius
869 3447 1064 3509 interficitur.
1090 3447 1195 3506 eodem
1211 3466 1262 3504 eu·

182 3544 319 3591 lemanno
334 3534 542 3611 flegirasfitiu,
572 3534 623 3613 qui
647 3554 715 3591 cum
737 3535 883 3612 inceperit
905 3554 923 3591 s
939 3536 978 3596 18
999 3533 1168 3593 Decembris
1189 3531 1262 3589 euni

184 3618 280 3677 Christi
303 3623 384 3684 1259
403 3638 496 3696 usque
522 3619 555 3676 in
578 3620 768 3677 Decembrem
788 3621 860 3677 enni
881 3618 991 3677 Christi
1014 3622 1096 3684 1260
1121 3615 1262 3694 excurrit,

186 3703 284 3762 llnluou
306 3715 396 3783 ponte
417 3703 565 3783 Euphrati
581 3704 722 3784 imposito
742 3704 861 3763 traiecit
879 3704 913 3761 iu
934 3703 1068 3783 Syriam,
1089 3702 1201 3761 ducens
1215 3720 1265 3759 se·

187 3808 244 3845 cum
254 3787 453 3847 formidabiles
474 3789 576 3869 copies
592 3789 719 3847 millium
742 3788 1044 3868 quadringentorum,
1072 3786 1181 3865 quibus
1198 3786 1265 3843 Da·-

187 3892 300 3932 nuscum
317 3874 413 3933 obiter
428 3876 527 3953 cepit,
550 3872 694 3933 llsleburu
710 3884 780 3953 post
799 3875 914 3933 dierum
926 3892 1093 3952 paucerum
1107 3890 1264 3951 oppugne-

187 3957 281 4017 tionem
302 3981 371 4019 cum
393 3962 482 4017 crede
502 3960 765 4019 innumerabilium
783 3960 849 4018 illio
868 3968 1056 4036 repertorum
1071 3957 1265 4036 expugnarit.

190 4042 220 4101 tl
230 4044 313 4105 Neser
326 4045 431 4104 Helebi
443 4044 581 4105 dominus
596 4065 665 4103 cum
676 4046 819 4105 uxoribus
839 4053 869 4101 et
883 4044 984 4102 liberis
997 4044 1057 4101 iem
1072 4050 1142 4100 ente
1155 4043 1265 4120 prolu-

190 4148 246 4205 gus,
265 4140 366 4211 ceptus
380 4130 486 4189 deinde
497 4138 527 4189 et
546 4130 661 4189 occisus
677 4140 728 4191 est.
771 4130 828 4187 sub
842 4128 917 4187 hsec
935 4148 951 4185 s
973 4126 1161 4186 recedentes
1177 4126 1265 4205 Syris

190 4212 288 4273 llulscu
300 4218 425 4275 relictus
439 4215 476 4274 eb
491 4235 525 4274 eo
540 4216 604 4275 illio
627 4217 678 4295 qui
692 4215 867 4295 provinciae
878 4222 1026 4293 praeesset
1040 4212 1173 4289 Cetbuge
1193 4230 1264 4270 cum

191 4298 272 4360 ‹lecem
284 4302 418 4364 miDibus
429 4300 573 4383 equitum,
594 4302 708 4384 praelio
723 4302 820 4365 victus
833 4310 864 4362 st
873 4300 1048 4361 interfectus
1058 4306 1103 4359 est
1113 4318 1131 4357 a
1142 4298 1264 4357 Kutuso
