3009 4900
259 304 351 411 uao'
577 336 753 405 cronon
778 335 1043 404 recuruatis

258 512 291 577 δ’
307 508 344 577 ori
357 510 460 575 πείθοι
474 510 567 596 λίνων
582 512 632 575 καί
650 509 724 586 rode
744 508 935 597 άπεροῦντας
956 509 1237 595 προσαποστίλλαιν
1246 560 1256 591 ,
1281 510 1354 579 άλλ’

257 608 312 681 σόν
333 612 623 699 όιαπεραιουμίνους
643 614 693 679 καί
710 614 826 690 ἰ’ππους
846 612 1051 700 α’ῗραιρείσθαι
1074 616 1126 679 καί
1146 610 1243 681 ὅπλα·
1276 618 1356 701 μηόί

256 717 315 805 γάρ
332 718 451 783 δίκαιον
467 713 542 783 εἶναι
557 713 695 793 συνόλως
708 717 788 803 πρὸς
800 712 858 793 τός
871 724 935 784 τῶν
948 716 1102 798 βασιλίιον
1114 720 1356 797 όιαπειθοῦντας

256 816 455 907 προστάξεις,
482 822 534 885 καί
546 820 590 905 μὴ
604 820 757 896 θίλοντας
769 830 971 906 αομπαρεῖναι
983 826 1114 901 βασιλεῖ,
1143 819 1197 897 οὓς
1208 820 1257 885 ἐπ’
1275 820 1354 890 adri

151 938 172 991 Ρ
189 940 239 996 221
256 930 350 992 τοῦτο
371 926 423 989 καί
445 918 675 1011 προσηγάγετο,
702 925 805 989 ἳππων
830 924 995 1006 ἐπιβαίνειν
1015 926 1066 989 καί
1089 921 1195 999 ὅπλοις
1213 930 1379 1011 χρῆσθαιὸ

256 1026 311 1105 σός
330 1052 364 1093 τε
386 1026 460 1105 roric
481 1029 610 1103 οίκιίους
633 1023 823 1114 ἀφελόμενος
844 1026 950 1113 σφίσιν
966 1026 1084 1107 ίδίδου,
1113 1026 1354 1113 ναίάπαρίχων

257 1130 498 1216 αὖτός,γυμνοάς
515 1132 565 1195 καί
580 1126 735 1207 ἀνόπλους
750 1128 843 1207 ὄντας
863 1130 976 1206 ἱκανῶς
993 1128 1129 1210 ὥπλιζεν.
1181 1126 1198 1195 ό
1218 1132 1275 1211 μίν
1298 1126 1353 1197 οὖν

254 1233 401 1319 βασιλεός
427 1230 526 1311 οάτιος
555 1233 686 1313 ίιιίλιυε,
722 1235 774 1299 καί
794 1230 811 1299 ό
831 1234 879 1298 tut
897 1230 1001 1323 τοάτῳ
1027 1236 1150 1310 σταλεὶς
1178 1230 1262 1299 οὕτω
1279 1234 1353 1312 τους

255 1336 345 1403 τοῦτ’
364 1338 512 1423 ίροῦντος
528 1334 726 1403 άπίστελλεν·
753 1336 784 1403 oi
797 1337 832 1401 δὲ
844 1334 928 1414 dno}
943 1333 1170 1425 ἀφηνιάσαντες
1176 1386 1187 1419 ,
1214 1338 1353 1419 συμπλό-

255 1464 359 1516 ιιοντες
372 1441 423 1505 καί
440 1436 610 1528 προφάσεις
623 1435 665 1517 ὥς
678 1442 727 1506 ἐπί
737 1434 851 1526 χρόνον
865 1438 1156 1529 ταλαιπωρήσαντες
1170 1439 1227 1522 ccix
1246 1438 1350 1508 οἷοίτ’
1361 1452 1394 1505 10

255 1545 312 1609 cici
329 1542 512 1629 παραμίνιιν
534 1544 586 1609 ναί
607 1542 668 1625 ἴτε,
693 1540 766 1609 ἀλλ’
784 1542 882 1610 άνίσει
904 1540 1009 1621 δόντες
1031 1544 1140 1635 μετρίᾳ
1159 1540 1251 1607 πάλιν
1271 1544 1352 1612 nino·

217 1662 239 1717 B
257 1643 488 1734 ocpapq‘corcoc
495 1696 505 1727 ,
529 1644 620 1713 ταῦτ’
639 1641 878 1733 ἀπολογούμενοι
893 1647 973 1733 πρὸς
989 1648 1118 1723 ἐκείνους
1135 1645 1189 1712 τόν
1202 1648 1350 1732 πορθμὸν

178 1782 183 1799 ·
252 1752 491 1837 διεπεραιοῦντο.
543 1750 624 1835 πλὴν
644 1749 774 1817 κάνεῖνοι
793 1750 851 1835 τὴν
869 1748 924 1838 tp'
942 1748 1071 1827 ἱαιιτοός
1087 1750 1254 1836 ἐγχείρησιν
1267 1747 1348 1817 ὕπο-

253 1850 444 1931 τοπάσαντες
463 1848 533 1919 οὔτ’
556 1854 616 1920 dod
637 1852 731 1940 μίρος
755 1853 885 1939 inipetu,
917 1853 989 1920 οὔτ’
1010 1855 1066 1919 ίπί·
1079 1852 1132 1919 τόν
1150 1850 1273 1937 συνήθη
1291 1859 1349 1937 τῆς

253 1954 436 2039 ἀποβάσεως
451 1952 558 2038 τόπον,
580 1952 658 2023 ὅπου
673 1960 723 2022 καί
737 1956 817 2022 κατὰ
831 1957 1009 2043 προσόοκάς
1019 1958 1146 2023 ἵσταντο
1161 1954 1348 2043 διερίξοντες
1358 1971 1391 2024 15

252 2067 297 2151 τῷ
318 2058 413 2139 τίσις,
438 2058 621 2143 άπίβαινον,
643 2059 714 2125 ἀλλ’
734 2058 800 2144 ἅμα
819 2060 937 2137 πολλὰς
956 2060 1131 2149 ρορτηςοιλς
1145 2056 1349 2143 κατασχόντες

252 2166 304 2229 καὶ
325 2158 551 2247 ἓμπλησάμείοι
574 2164 756 2246 ίόοχμίαζον
770 2163 827 2248 τὴν
839 2158 1011 2247 ἀπόβασιν,
1038 2166 1089 2230 sci
1105 2157 1166 2246 ἅμ’
1182 2162 1348 2247 άπίβαινον

214 2274 238 2326 C
255 2268 306 2333 καί
321 2264 380 2349 ἅμ’
398 2266 427 2331 oi
439 2268 561 2345 uitione
575 2262 760 2347 ὡπλίζοντο,
787 2268 866 2350 πλὴν
880 2266 935 2333 oda
950 2270 992 2343 είς
1007 2266 1144 2355 φανεράν
1158 2263 1261 2351 μάχην
1274 2266 1347 2332 άλλ’

248 2367 301 2457 ἐφ’
319 2360 345 2460 ᾧ
359 2365 455 2453 μόνον
470 2367 591 2446 ἑαυτοῖς
611 2376 806 2458 περιποιῆσαι
821 2370 878 2455 την
893 2376 949 2457 τῆς
962 2368 1115 2458 δοκοόσης
1127 2368 1252 2454 άτιμίας
1267 2366 1348 2439 άπό-

246 2531 383 2604 impedirec
400 2533 439 2588 sin
456 2535 556 2588 frustra
572 2534 598 2588 in
614 2535 664 2589 boc
682 2540 769 2589 essent
785 2535 872 2590 nitida
890 2536 972 2589 omnia
988 2533 1142 2599 verboram,
1158 2540 1186 2588 et
1202 2535 1275 2588 missi
1292 2535 1347 2588 dis-

246 2617 365 2658 suasores
382 2603 445 2656 nihii
459 2604 632 2674 proficerent,
657 2605 747 2658 saitem
763 2603 830 2672 iliis,
854 2614 991 2675 antequam
1006 2604 1170 2668 tniiccrent,
1196 2619 1276 2674 equos
1293 2605 1347 2657 eri-

246 2679 322 2795 peret
339 2680 367 2727 et
383 2689 463 2729 arms.
496 2691 544 2745 per
560 2675 625 2727 eninr
641 2673 753 2743 iniquum
771 2690 837 2743 esse,
854 2691 903 2727 nec
919 2673 970 2727 niia
986 2673 1085 2725 ratione
1101 2672 1267 2738 tolerandum,
1283 2672 1346 2726 bar-

265 2759 325 2796 arss
350 2751 410 2814 post
431 2759 520 2797 nomen
546 2743 633 2797 datum
657 2743 765 2797 miiitiae
788 2743 918 2797 Romam
946 2743 1125 2812 obtemperare
1146 2741 1346 2811 imperatoribus

246 2815 396 2881 praefracte
418 2819 568 2880 renuentes,
594 2829 643 2866 neo
659 2811 709 2866 sibi
726 2813 818 2867 adesse
841 2813 920 2866 dubio
936 2829 983 2869 suo
996 2817 1048 2864 tem
1067 2825 1111 2863 ore
1126 2813 1258 2878 ndentes,
1297 2827 1346 2866 nos

247 2881 345 2949 magnis
356 2881 389 2933 ad
401 2881 540 2952 booipsom
551 2882 578 2935 in
588 2882 689 2935 iiior-nm
706 2883 799 2936 misera
815 2883 920 2936 fortuna
938 2829 1070 2935 beneficiii
1080 2887 1257 2942 ‘anctorascet
1274 2897 1289 2935 a
1306 2879 1346 2933 ire

247 2951 324 3002 etism
347 2955 453 3003 onustos
476 2950 561 3021 opima
583 2952 694 3022 praeda,
723 2951 799 3024 equis
823 2953 940 3005 invectos
961 2951 1151 3020 instructosque
1176 2947 1253 3003 armis
1279 2965 1346 3020 quae

245 3017 312 3086 ipsis
328 3017 482 3086 imperator,
506 3037 581 3089 quem
598 3023 760 3087 desererent,
780 3020 919 3074 inermibus
933 3026 961 3072 et
977 3019 1110 3090 inopibus,
1129 3017 1241 3090 propriis
1258 3019 1347 3072 detra·

248 3094 292 3139 cta
308 3086 429 3140 miiitibus
446 3088 614 3143 attribuisset.
640 3091 704 3144 haec
721 3095 797 3144 erent
810 3090 844 3143 ad
861 3089 967 3142 Radiein
983 3087 1119 3142 Andronici
1137 3089 1266 3142 mandata.
1288 3085 1347 3158 qui-

247 3157 297 3208 bus
316 3155 360 3208 iiie
377 3158 536 3226 obsequens,
552 3159 597 3229 qni
611 3157 676 3212 tniis
691 3159 824 3214 edicerent
840 3157 927 3212 sienis
944 3158 1023 3212 misit
1050 3164 1079 3211 et
1095 3155 1122 3210 bi
1140 3158 1267 3210 mordicus
1282 3157 1345 3212 bse-

247 3229 334 3278 rentes
351 3223 444 3278 dudam
462 3235 538 3294 capto
555 3227 677 3296 oonsilio,
702 3227 834 3298 certique,
852 3227 920 3296 qnod
938 3227 1017 3280 semei
1032 3227 1205 3280 excessissent
1219 3228 1344 3291 fraenum,

247 3309 382 3364 numquam
405 3295 511 3364 amplius
536 3297 588 3349 reci
608 3313 669 3363 ere,
698 3303 852 3366 praetextos
873 3297 1027 3360 nectebant,
1048 3302 1199 3350 excusantes
1221 3292 1289 3348 baud
1314 3311 1343 3348 sa

243 3363 321 3432 piene
338 3363 371 3416 ab
387 3362 548 3434 imperatoria
562 3365 651 3419 coniitia
666 3366 805 3434 recedere,
820 3365 867 3421 sed
883 3365 933 3418 sibi
950 3365 1119 3418 necessariam
1135 3372 1194 3436 pont
1208 3363 1280 3418 ulmis
1296 3363 1343 3416 din

245 3433 406 3486 continuatos
430 3433 599 3503 expeditionis
620 3433 722 3488 iabores
745 3436 850 3489 brevem
872 3434 986 3504 requiem
1009 3440 1139 3503 captatum
1164 3447 1277 3487 seorsum
1292 3433 1344 3499 ire,

244 3517 302 3554 mox
327 3502 431 3555 reiectis
454 3519 501 3573 per
524 3519 582 3556 eant
600 3502 697 3557 viribus
714 3503 746 3557 ad
765 3503 875 3576 Augusti
890 3503 964 3570 signa
981 3502 1125 3567 redituros,
1147 3508 1209 3555 tunc
1226 3517 1297 3555 arma
1315 3511 1344 3555 et

243 3585 324 3640 equos
348 3586 415 3641 quae
435 3571 596 3642 accepissent
621 3589 677 3628 aum
700 3573 812 3646 propriis
828 3573 978 3643 eorporibos
992 3571 1086 3625 iterum
1100 3569 1128 3624 in
1148 3571 1273 3642 obsequia
1288 3569 1344 3624 Ro-

242 3655 371 3694 rnsnornm
392 3639 569 3711 impensuros,
593 3657 660 3712 qnae
676 3642 734 3696 ideo
751 3643 803 3697 sibi
817 3641 927 3712 relinqui
943 3655 1052 3710 aequum
1069 3645 1147 3694 esset.
1182 3641 1247 3695 baec
1268 3639 1344 3694 simoi

240 3708 401 3778 aiiegabent,
428 3711 505 3762 siaul
526 3712 654 3780 parabant
675 3713 886 3782 usurpabantque
909 3709 1123 3764 transmissionem
1140 3709 1216 3776 ireti,
1238 3726 1289 3764 non
1305 3707 1344 3761 iiii

240 3779 341 3846 quidem
358 3793 410 3832 nna
426 3794 512 3833 ornnes
529 3783 613 3848 paianr
631 3785 676 3834 aut
692 3782 782 3834 eodem
804 3779 918 3834 universi
936 3777 993 3833 ioco
1016 3780 1196 3847 (verebantur
1212 3777 1296 3844 enim,
1320 3775 1344 3830 si

242 3845 291 3898 boe
309 3853 433 3916 egerent,
452 3865 484 3902 ne
501 3849 623 3920 impetum
640 3849 665 3902 in
683 3868 728 3904 cos
744 3852 874 3904 Romanus
890 3849 1020 3902 exercitus
1035 3847 1154 3917 iaceret)
1173 3845 1218 3901 sed
1229 3865 1277 3919 per
1288 3861 1343 3900 me·

241 3929 289 3965 nus
306 3915 415 4000 dispersi
433 3924 461 3971 et
476 3919 557 3984 ciam,
580 3933 613 3971 ex
639 3919 732 3988 quibos
749 3919 833 3972 treiioi
849 3935 900 3972 non
917 3922 975 3972 erat
991 3917 1106 3983 solitum,
1130 3915 1231 3970 eversis
1246 3935 1264 3971 a
1279 3931 1343 3969 con-

242 3989 332 4050 spectu
342 3985 460 4040 litoribus
471 3988 614 4051 solventesc
649 4003 678 4039 er
695 4003 762 4058 quae
778 3987 910 4058 dispositis
925 3987 1083 4058 agminibus,
1100 3984 1247 4040 occasiones
1257 3990 1344 4040 trans-

241 4051 352 4106 treundi
374 4058 563 4124 expectabant,
585 4073 615 4110 ar
639 4056 797 4127 plebantque
819 4055 893 4111 simul
909 4073 939 4110 sc
955 4059 1110 4112 obtulerant
1144 4055 1271 4126 quemad
1289 4071 1342 4108 rem

241 4121 366 4173 canariis
382 4123 469 4178 multis
485 4125 635 4195 occupatis,
661 4124 762 4178 occulte
777 4126 835 4179 illas
852 4125 1030 4196 complebant,
1054 4122 1184 4195 variisque
1201 4122 1342 4196 praetexti·

241 4187 291 4241 bns
303 4188 474 4259 dimittebant,
492 4193 602 4264 obliquis
615 4195 815 4248 simulationibus
831 4211 861 4247 re
876 4193 934 4265 ipss
950 4202 1106 4265 occupantes
1120 4197 1208 4248 iacere
1218 4192 1246 4246 id
1258 4194 1343 4264 ipsum

240 4255 360 4382 λον
376 4259 705 4397 nutrimur„
717 4262 1342 4403 &metumientem

335 4365 343 4382 ⁸
1104 4374 1112 4400 ν
