3009 4900
372 307 451 380 LlB.
476 305 532 376 ΙΙΙ.
585 307 952 380 cunonououlcue
1144 312 1218 384 805

56 475 169 536 tium
196 491 305 553 super
320 471 448 551 Scythas
458 469 624 547 Asiaticos,
653 473 691 533 sd
706 485 838 536 montem
850 474 984 550 Imaum,
1005 473 1080 536 adeo
1093 485 1129 536 ut
1141 477 1220 555 qui-

28 575 33 630 ἰ
61 562 160 619 dam
194 560 345 618 scribant
364 559 441 617 duos
457 567 486 617 et
500 560 686 639 septuaginta
706 579 791 639 regas
806 561 880 641 ipsis
894 560 1055 638 aliquando
1067 561 1156 622 luisse
1168 581 1221 622 ve·

65 643 246 720 ctigales.
293 641 490 704 Christianam
507 652 603 706 autern
618 645 810 724 religionem,
832 645 884 704 sed
903 648 990 705 iuxta
1003 647 1132 706 Nestorii
1143 645 1219 708 hse·

28 769 35 804 ,
66 732 214 802 resim,
244 727 404 804 colebant,
427 749 606 808 crucemque
622 731 752 790 inbellis
767 751 841 810 pree
860 749 892 789 se
906 731 1058 810 duplicem
1073 730 1217 808 ferebant,

27 858 33 892 ,
69 816 237 874 alteram
263 833 382 874 auream
408 815 529 875 alteram
550 835 721 892 gemmeum.
771 815 843 874 huic
866 816 995 896 imperio
1018 815 1071 894 qui
1094 815 1221 876 ultimus

27 947 31 980 ,
71 899 266 980 praefuit,
288 909 321 958 ut
339 899 429 958 docet
444 899 705 978 Abulpharsgius,
727 911 845 979 praeter
858 919 1017 960 commune
1032 901 1151 959 loannis
1163 920 1220 960 no.

27 1031 35 1066 ,
75 1004 166 1044 men
185 984 324 1064 proprie
346 985 415 1064 Ung
436 984 524 1042 Cleon
539 995 679 1058 vocatus,
702 1005 772 1046 cum
795 985 945 1064 quendam
959 986 1220 1044 Tamuiinumno·
1300 1023 1304 1028 -

26 1116 35 1156 ι
79 1071 204 1143 ruine,
232 1089 295 1148 quo
310 1070 408 1130 sumat
424 1089 493 1130 usus
511 1069 582 1140 diu,
605 1071 736 1130 inbellis
753 1071 944 1150 praesertim,
969 1080 1095 1130 strenuo
1107 1080 1137 1130 et
1149 1071 1220 1130 seli·

82 1153 233 1214 cissimo
251 1152 408 1228 ministro,
432 1154 587 1216 calumniis
601 1157 787 1218 aemulorum
796 1156 927 1216 invisum
939 1155 996 1214 sihi
1009 1155 1120 1214 facturn
1134 1176 1219 1214 com-

85 1237 305 1319 prehendero
319 1239 538 1316 aggrederetur,
559 1239 596 1298 sb
611 1261 645 1300 eo
663 1239 826 1300 fortissime
838 1248 1025 1320 repugnante
1040 1240 1141 1300 victus
1156 1242 1219 1320 ipse

88 1323 295 1401 occisusque
316 1331 372 1384 est.
414 1344 475 1402 quo
497 1334 631 1404 tempore
651 1325 774 1404 quidum
790 1326 871 1386 inter
888 1325 1075 1402 Mogulenses
1094 1343 1219 1403 magnae

91 1408 323 1483 auctoritatis,
351 1410 523 1488 apparuisse
550 1409 606 1470 sihi
621 1409 711 1470 deum
732 1410 898 1481 affirmans,
920 1419 952 1471 at
967 1409 1133 1472 declarasse
1154 1411 1217 1469 sle·

25 1516 31 1552 s
95 1503 193 1552 ctum
209 1515 227 1550 s
248 1513 282 1552 se
302 1492 494 1554 Tamuiinum
518 1494 552 1554 in
569 1515 658 1572 quem
683 1497 764 1555 orbis
781 1505 930 1556 terrarum
950 1495 1108 1574 imperium
1128 1504 1218 1574 atque

25 1619 29 1636 ,
95 1579 135 1637 in
153 1578 223 1638 eius
240 1589 378 1658 posteros
390 1579 552 1640 transferre
574 1582 773 1655 decrevisset,
793 1581 962 1648 uuiversum
981 1579 1029 1638 illi
1043 1579 1218 1639 conciliavit

25 1693 27 1722 l
97 1664 318 1744 Meguliorum
343 1675 476 1741 gerstem3
500 1664 585 1724 cuius
607 1687 756 1724 consensu
782 1674 897 1726 creetur
917 1665 1105 1743 imperator,
1127 1686 1145 1722 s
1159 1663 1217 1725 deu

24 1899 28 1934 l

97 1747 192 1828 ipso,
215 1757 254 1808 ut
273 1749 427 1827 illaquam
451 1749 517 1808 dixi
539 1751 687 1810 fanaticus
712 1751 824 1826 siebat,
852 1749 1027 1828 impositum
1043 1749 1110 1829 ipsi
1124 1769 1213 1816 acce-
1229 1751 1252 1804 l‘
1270 1750 1321 1805 68⁴

24 1815 27 1848 ζ
100 1834 155 1914 pit
180 1832 407 1912 Gingisclmnis
430 1855 548 1894 nomen.
590 1835 734 1896 hacteuus
766 1834 1025 1913 Abulpharagius‚
1062 1834 1113 1892 cui
1143 1835 1215 1894 satis

105 1928 313 1978 consentanee
325 1929 428 1986 noster
440 1918 638 1997 Paohymerss
652 1921 755 2006 priore
770 1930 851 1984 tomo
865 1939 895 1978 c.
914 1917 969 1984 41.
985 1918 1214 1996 5legislatorem

24 1989 27 2086 f
105 2003 338 2079 Tocharorum,
361 2003 413 2082 qui
433 2025 465 2064 se
485 2003 545 2086 ipsi
566 2004 715 2082 Mugulios
738 2006 910 2079 nominant,
945 2024 1054 2064 nomen
1076 2002 1216 2068 hahuisse

23 2093 27 2108 ⁴
115 2091 326 2152 stimucants
338 2089 461 2167 asserit,
485 2087 598 2148 addens
616 2111 683 2150 cum
699 2109 736 2150 ex
756 2089 841 2150 fabro
862 2089 987 2148 ferrario
1000 2087 1041 2146 ad
1053 2087 1215 2174 imperium

23 2165 26 2200 i
109 2183 261 2234 avectum.
304 2183 369 2234 tum
384 2193 488 2234 eorum
511 2173 649 2233 institute
661 2195 761 2238 moses
774 2185 805 2234 et
818 2184 884 2232 acta
901 2175 966 2232 susa
982 2183 1144 2249 samosat,
1165 2193 1215 2232 se·
1258 2228 1261 2236 .

23 2253 26 2288 ²
110 2260 180 2319 dem
198 2259 286 2317 etism
301 2261 370 2316 novi
386 2258 476 2318 liuius
499 2258 616 2339 imperii
639 2259 794 2334 indicens,
817 2260 922 2326 Portas
936 2257 1074 2336 Caspias,
1096 2257 1148 2337 qui
1162 2257 1215 2316 lo-

24 2363 25 2372 *
113 2363 169 2404 cus
183 2344 214 2403 in
229 2343 342 2402 Mediae
360 2363 395 2402 ac
410 2344 544 2404 Parthiae
558 2344 695 2408 confiniis
711 2345 786 2404 situs
802 2353 856 2406 est.

199 2428 252 2489 lll.
296 2427 396 2507 Pergit
429 2427 683 2509 Abulphsrugius‚
717 2432 849 2497 referens
883 2450 963 2497 anno
989 2426 1116 2505 Hegiree
1149 2427 1212 2491 600

114 2526 231 2593 captam
252 2535 270 2573 a
289 2514 403 2574 Latinis
424 2516 722 2595 Constantinopolim.
772 2524 819 2575 est
838 2534 937 2575 annus
952 2514 1079 2591 Hegirsa
1103 2517 1166 2577 600
1179 2511 1212 2569 iu

118 2620 183 2658 aera
197 2599 308 2659 Christi
325 2604 416 2674 1208,
438 2600 492 2659 ssd
505 2621 522 2657 s
536 2600 584 2660 die
597 2600 756 2661 dumtaxat
772 2601 888 2663 decima
901 2600 1011 2665 mensis
1025 2596 1210 2675 Septembris

25 2716 26 2721 1
117 2684 236 2760 lulisni,
256 2704 345 2763 qnam
361 2684 393 2743 iu
410 2684 489 2747 diem
509 2686 660 2745 neomenia
674 2685 844 2747 lllnhsrrom
868 2686 959 2762 primi
978 2683 1110 2742 Arabum
1124 2700 1211 2738 mess-

120 2769 158 2827 sis
176 2770 289 2829 incidit.
331 2788 399 2827 cum
416 2778 514 2829 autem
535 2790 589 2829 nos
616 2768 920 2831 demonstraverimus
948 2777 1030 2826 tomo
1055 2764 1212 2843 superiore

24 2866 25 2869 ’
121 2862 322 2934 occupstsms
345 2854 457 2914 Latinis
471 2839 762 2931 constantinopolim
784 2854 873 2912 luisse
887 2851 937 2909 dis
954 2856 995 2919 12
1010 2849 1125 2928 Aprilis
1137 2848 1211 2924 eniri

122 2938 227 2999 Christi
241 2942 333 3014 1208,
347 2958 412 2999 eam
429 2938 572 3019 epocham
591 2948 670 2999 retro
689 2936 809 2997 trahere
829 2937 943 3013 aliquot
956 2932 1107 2997 mensibus
1129 2932 1211 3009 cogi·

122 3044 201 3097 mur,
221 3023 299 3081 etad
315 3024 531 3102 quadrimestre
546 3022 685 3087 ultimum
698 3022 769 3089 suni
784 3022 910 3099 Hegirae
922 3018 986 3085 599
998 3018 1155 3092 conferre,
1176 3026 1211 3082 ut

124 3127 238 3187 magnae
251 3106 318 3167 illae
338 3112 550 3171 conversiones
563 3110 655 3181 duae,
682 3107 800 3187 imperii
815 3102 1155 3171 aPrsesteiaunensibus
1169 3102 1210 3161 sd

125 3192 260 3273 hlugulios
274 3195 410 3253 translati
422 3204 452 3255 st
467 3196 605 3255 redactae
619 3194 650 3253 in
668 3194 841 3260 Latinorum
854 3199 1032 3271 potestatem
1047 3196 1208 3265 metropoe·

125 3279 159 3338 lis
183 3278 293 3356 imperii
317 3280 515 3358 Graecorum,
548 3279 580 3339 iu
610 3298 705 3345 uuum
733 3279 919 3354 eundemque
943 3294 1029 3345 terso
1052 3271 1207 3348 Arabim,

23 3388 24 3401 ¹
127 3384 206 3442 quam
220 3365 351 3443 Hsgiros
366 3374 492 3440 vomat,
515 3384 626 3425 sunum
651 3360 981 3429 undesexcantesimum
1002 3355 1207 3424 convenerint.

23 3468 24 3473 ¹
128 3469 197 3509 auno
207 3448 273 3507 inde
284 3452 346 3513 606
361 3450 499 3527 llegirse,
521 3450 574 3526 qui
589 3450 658 3517 iniit
676 3454 696 3515 6
714 3448 784 3511 lulii
799 3446 869 3505 suoi
890 3444 960 3507 ctn.
974 3448 1067 3520 1209,
1081 3442 1208 3518 Gingiz-

23 3540 24 3559 *
131 3533 226 3593 clunes
239 3533 362 3612 imperio
376 3556 433 3599 suo
444 3534 601 3595 subiunxit
612 3537 747 3613 regiones
759 3530 983 3605 crisosthomo,
1004 3548 1080 3607 quse
1093 3526 1207 3587 siden-

23 3646 24 3651 *
131 3628 174 3679 tur
187 3619 369 3679 'interorum
387 3619 504 3679 Siuensi
515 3640 609 3697 regno
622 3619 799 3686 confinium.
840 3637 918 3681 aurio
932 3615 1092 3694 He30610,
1120 3610 1206 3669 cuius

131 3714 170 3763 est
179 3703 286 3763 initium
300 3722 318 3763 e
330 3704 401 3766 lilaii
414 3708 456 3771 23
471 3703 542 3763 anni
562 3704 672 3771 Christi
698 3708 798 3777 1213,
817 3700 1034 3779 Gingizchsnes
1053 3697 1134 3771 hello
1149 3694 1206 3753 in-

22 3800 24 3829 l
133 3790 202 3849 disto
216 3789 330 3849 Sultsni
350 3788 536 3865 Molrsmedi,
564 3790 597 3847 in
610 3790 757 3851 ultionem
770 3786 897 3847 iniustae
911 3786 992 3847 necis
1004 3780 1205 3862 quorumdam

23 3906 24 3909 ¹
133 3882 329 3949 mercatorum,
357 3876 462 3937 urbem
483 3874 642 3937 maximam
663 3874 802 3937 Otrarsm
818 3881 886 3952 post
905 3870 1037 3949 quinque
1057 3864 1205 3927 meusium

134 3956 298 4019 obsidionem
311 3959 342 4021 si
356 3962 437 4040 oepit
450 3978 520 4021 cum
530 3959 649 4019 infinita
658 3958 813 4021 hominum
828 3956 927 4028 caede,
947 3965 982 4015 ut
996 3962 1027 4019 et
1038 3970 1117 4009 snus
1130 3954 1204 4023 617,

136 4043 207 4102 cuiue
223 4042 364 4105 kalendas
383 4047 415 4105 iu
435 4049 456 4111 8
477 4044 577 4104 Martii
599 4044 753 4119 incidunt,
791 4040 955 4102 Bccharum
978 4048 1009 4097 et
1026 4035 1204 4095 Samariten.

137 4128 193 4189 dsm
202 4127 280 4187 mbos
292 4130 380 4210 longe
395 4129 607 4211 amplissimas,
628 4148 757 4207 quarum
777 4126 851 4185 huic
866 4123 1014 4205 praesidio
1034 4122 1126 4180 fuisso
1145 4120 1204 4178 im-

136 4215 215 4292 posita
226 4236 240 4272 s
251 4216 374 4275 sultano
391 4215 566 4277 Mohemade
587 4224 709 4275 centum
727 4210 835 4289 viginti
856 4210 991 4288 equitum
1004 4206 1098 4270 millia
1110 4204 1205 4263 tradit

138 4296 361 4380 dbolphsrsgius.
403 4300 457 4361 sod
478 4299 527 4361 his
548 4299 661 4382 praelio
688 4297 895 4361 cruentissimo
916 4292 1083 4376 profligatis
1104 4289 1205 4351 dedita
