3009 4900
365 315 443 383 LlB.
462 313 521 384 ΠΙ.
566 317 932 390 GllllOlllOLOGlGUS.
1123 329 1199 400 839

69 473 147 567 cpini
195 473 318 566 nungar-
343 475 466 530 lupulto

106 535 145 642 J·
192 537 323 638 ''illd“
373 538 425 570 '¹²'

213 626 309 720 Niloptlal
342 627 466 674 Asdroalel

57 738 424 802 128816

544 483 659 546 Vaccus
670 486 704 546 iu
715 505 834 550 mucore
846 489 950 550 scribit
962 501 1067 551 contra
1082 502 1197 556 toruum

428 559 434 570 ’
502 569 658 649 Gregorii3
691 581 723 631 ot
745 572 809 632 eius
830 575 907 634 liber
936 576 1196 658 Constantinopoli

499 654 597 716 lectus
608 655 774 717 multorum
783 659 889 718 anisnis
901 662 1075 740 scrupulum
1087 664 1194 742 iniicit,

499 740 576 800 vitis
587 741 662 800 tomi
675 742 825 820 detegens.
858 745 879 804 l.
895 751 915 812 2
930 766 954 816 c.
967 753 988 812 2
1000 767 1031 826 p.
1045 752 1087 810 76
1100 758 1131 807 ct
1144 754 1194 814 77.

539 843 651 903 Tomos
683 853 841 922 accusatur
870 846 1193 926 squinqnecclesiensi

499 935 528 986 et
540 926 815 1008 sxcbartopbylace
829 930 1069 1012 Moscbampare5
1091 933 1193 994 inam-

495 1013 621 1162 gturpain
641 1014 767 1094 eundern
785 1015 835 1086 alii
854 1034 984 1100 quoque.
1028 1039 1055 1083 c.
1069 1023 1089 1083 3
1104 1039 1135 1100 p.
1148 1025 1192 1086 77

538 1299 714 1361 Exardescit
741 1302 911 1377 antistitum
948 1304 1123 1364 scandalum
1156 1306 1191 1365 in

496 1384 672 1464 Gregoriuru
687 1386 844 1467 occasione
858 1389 1063 1449 commentarii
1076 1411 1092 1448 a
1107 1391 1191 1454 tter-

495 1469 620 1618 co4eiua
647 1470 798 1558 discipulo
825 1471 915 1549 editi,
944 1473 1010 1562 ipso
1033 1474 1189 1555 probante.

493 1576 519 1615 c.
543 1621 547 1639 Ι
567 1575 598 1634 p.
611 1561 662 1622 79.

533 1641 716 1720 Imperatore
731 1647 847 1718 tonsum
864 1640 972 1720 corrigi
988 1651 1127 1723 oportere
1143 1643 1188 1704 in-

491 1723 619 1807 dicante,
630 1725 792 1806 Gregorius
802 1724 832 1785 id
843 1724 939 1786 lacere
948 1737 1076 1800 recuset.
1096 1748 1127 1808 p.
1135 1733 1187 1793 80.

532 1811 692 1890 Gregorius
706 1807 839 1868 invidiae
852 1809 991 1874 ferendae
1000 1832 1032 1870 ae
1042 1811 1187 1892 imparem

489 1895 620 1955 renuens
635 1894 820 1976 patriarchio
834 1895 955 1956 recedit.
983 1915 1011 1956 c.
1027 1899 1047 1960 6
1061 1917 1095 1976 p·
1110 1900 1163 1963 82.

530 1981 663 2040 Tandem
691 1979 925 2060 patriarchatum
955 1980 1076 2040 abdicat
1105 1981 1186 2040 circa

488 2084 619 2126 mensem
629 2066 760 2141 lunium,
782 2075 851 2145 post
862 2075 1030 2126 transactor
1042 2065 1074 2126 in
1088 2085 1122 2126 ea
1136 2065 1186 2125 di·

486 2150 599 2228 gnitate
621 2170 676 2210 sex
696 2171 792 2210 annos
820 2160 851 2210 et
873 2150 966 2231 paulo
996 2151 1072 2229 plus.
1116 2153 1184 2214 (2.ss

486 2255 516 2315 p.
529 2238 572 2301 87
584 2242 616 2293 et
628 2239 679 2300 88.
722 2235 744 2296 l.
760 2239 780 2298 8
799 2234 1069 2312 Observationum,
1092 2255 1119 2296 c.
1130 2239 1162 2298 2.

527 2318 697 2396 corrigitur
709 2329 806 2378 tomus
820 2321 956 2398 Gregorii
967 2319 1083 2382 sublota
1096 2339 1133 2378 ex
1146 2339 1180 2378 eo

484 2404 671 2484 expositione
695 2406 912 2473 sententiaeb.
935 2405 1055 2473 loannis
1076 2405 1183 2477 Darne-

483 2490 576 2570 soeni.
618 2510 644 2549 c.
661 2494 696 2553 ll
713 2512 743 2571 p.
759 2494 810 2554 90-

524 2574 703 2645 Athanasius
729 2574 896 2643 meniachus
924 2594 941 2633 e
969 2584 1071 2634 moute
1096 2573 1181 2631 Gonu

482 2660 604 2738 eligitur
622 2668 652 2719 et
669 2659 868 2735 inunguntur
886 2658 1059 2739 patriarcha
1076 2656 1125 2717 die
1140 2659 1181 2737 14

482 2744 633 2805 Octobris.
676 2764 704 2804 u.
721 2744 761 2808 15
774 2765 804 2822 p.
819 2746 861 2807 97
875 2752 904 2801 et
919 2745 971 2807 98.

92 2944 170 3007 lato
211 2947 217 2960 “
247 2950 267 3008 8
294 2904 297 2911 Ι
386 2954 408 3015 8
524 2945 689 3023 Gregorius
704 2940 914 3050 expatriarcha
929 2942 1069 3005 moritur.
1095 2892 1125 3007 io.
1139 2944 1179 3006 17

483 3052 514 3113 P·
524 3035 691 3196 inopinatos
709 3111 900 3174 Andronicus
919 3132 957 3173 ex
970 3112 1045 3172 urbe
1057 3132 1089 3172 se
1103 3130 1179 3171 con-

484 3203 542 3262 lert
560 3201 595 3260 iu
619 3218 718 3259 arcem
748 3184 960 3257 Nicetiataruoi
990 3196 1177 3279 Daoibyaam,

482 3286 536 3347 ubi
556 3283 781 3345 cudodisbatur
798 3285 924 3342 loannes
942 3281 1095 3343 Theodori
1111 3281 1179 3341 Au·

372 3389 376 3396 ’
483 3371 561 3449 gusti
581 3371 662 3429 lilius
681 3378 712 3428 et
729 3368 851 3444 haeres,
874 3367 946 3426 olim
967 3374 1144 3427 excoecatus
1160 3386 1178 3423 a

179 4074 188 4380 l
455 4077 461 4383 l

483 3454 626 3517 lllichetile
646 3464 731 3534 patre
749 3452 929 3529 Andronici,
953 3453 990 3516 ab
1013 3470 1108 3533 eoque
1130 3452 1178 3510 ol·
1194 3450 1217 3517 Ρ
1234 3448 1284 3503 609

483 3542 584 3600 licioaa
611 3540 740 3599 salutato
769 3548 800 3599 et
828 3538 989 3611 liberaliter
1018 3544 1177 3598 munerato

482 3625 654 3687 eblanditur
672 3624 836 3695 cessionem
854 3624 929 3685 iuris
950 3624 989 3695 ud
1008 3622 1176 3704 imperium.

481 3713 503 3770 l
517 3717 533 3775 1
554 3730 582 3772 c.
594 3714 637 3775 86
650 3729 681 3788 p.
695 3707 748 3773 84.

524 3795 599 3854 lnde
612 3793 694 3853 idem
707 3789 899 3859 Andronicus
912 3810 967 3872 per
981 3789 1176 3855 Athanasium

483 3877 692 3959 patriarcham,
702 3898 791 3957 quem
802 3876 941 3938 comitem
953 3875 1089 3947 ducebat,
1098 3874 1177 3934 mitti

484 3974 570 4030 curat
581 3964 620 4022 od
634 3963 763 4031 V-eccam
777 3973 808 4021 et
820 3961 919 4022 socios
933 3962 966 4021 in
984 3981 1049 4031 erce
1060 3962 1091 4051 8.
1102 3962 1176 4025 Gre-

482 4052 559 4128 gorii
580 4048 748 4117 custoditos
767 4048 958 4113 Theodorum
980 4046 1176 4118 Muzaloneru,

482 4136 535 4215 qni
546 4152 651 4194 eorum
665 4134 832 4194 sublevavit
845 4139 1010 4210 egestatem.
1031 4131 1053 4195 l.
1066 4136 1081 4193 1
1097 4150 1122 4197 c·
1133 4128 1176 4194 85

484 4240 514 4297 p.
528 4222 571 4283 68
585 4226 615 4278 et
630 4222 713 4286 αδδ
724 4240 757 4300 p.
772 4219 825 4285 64.
851 4226 1005 4299 praeterea
1021 4216 1040 4276 l.
1056 4219 1076 4279 2
1093 4236 1120 4274 c.
1137 4215 1177 4279 17
