3009 4900
274 310 350 381 380
588 306 766 377 GEORGII
789 306 1056 375 PAGHYMERIS
1124 405 1131 417 „

274 474 531 566 ὁμολογήσαντος.
585 481 634 545 καλ
651 480 681 545 οἱ
701 478 757 559 μέν
771 476 887 559 οὕτως,
913 478 945 546 οἳ
957 478 1008 557 δέ,’
1036 478 1071 545 oi
1087 479 1126 563 dr)
1141 481 1193 545 καλ
1209 482 1282 565 πρὶν
1296 483 1378 547 luel-

209 670 213 676 .
273 610 317 673 νῳ
334 582 385 650 διδ
402 583 456 649 τδν
470 580 563 668 ὅρκον
579 584 806 669 προσέσταντο,
834 579 970 668 ῦμολάγα
987 579 1111 659 ἑαυτοῖς
1124 586 1203 669 δρῦν
1217 582 1378 662 ἐθέλοντες

234 708 258 761 Β
274 684 354 772 μήτ’
378 684 454 769 ἔχειν
470 686 582 751 έκεῖνον
595 679 788 771 πατριάρχην
802 688 853 751 καλ
864 682 1047 771 πράττρονῆ
1061 683 1113 751 ὅτ’
1129 684 1274 773 άφάριζε,
1299 688 1377 773 μήτε

269 791 323 859 sais
339 786 513 877 διφορισμδν
525 784 638 871 ἰσχύειν
650 790 871 873 διισχυρίζοντο
880 838 891 868 ,
915 786 993 855 ὥστε
1009 791 1060 853 καλ
1076 789 1109 854 έν
1122 796 1180 881 μιᾷ
1202 797 1263 857 τῶν
1278 789 1377 857 συνά·

271 900 347 973 ξεοιν
368 891 499 975 βασιλέα
524 888 697 973 μανθάνειν
721 888 905 976 αἱρούμενον
918 893 952 957 o‘s'
970 915 1049 969 τινες
1064 896 1155 975 τῆςδε
1174 900 1231 977 τῆς
1252 891 1406 978 rivium

273 1000 324 1063 καὶ
345 997 424 1071 τίνες
444 994 584 1077 θατέρας
604 996 654 1060 καλ
679 990 771 1061 πόσοι
777 1043 788 1074 ,
823 998 941 1080 ἐρωτᾶν
964 994 1118 1075 ἕκαστον,
1153 998 1205 1061 καλ
1226 997 1300 1072 τοῦς
1319 1003 1378 1080 τῆς

273 1100 371 1183 αῦτῆς
391 1099 442 1163 καλ
461 1104 536 1180 μιᾶς
556 1093 681 1182 γνάμης
701 1100 744 1174 εἰς
762 1096 857 1185 μέρος
878 1095 1042 1182 ἑκατέρους
1056 1100 1204 1178 καθίζειν.
1256 1101 1380 1176 {seleuse

273 1204 329 1287 μέν
351 1194 406 1268 οῦν
425 1200 504 1282 μετά
537 1200 594 1275 τάς
614 1199 730 1277 πολλάς
751 1202 867 1278 έκεένας
896 1198 1052 1283 συνάξεις,
1086 1200 1306 1289 συναγομένοις
1328 1205 1380 1267 soi

276 1304 356 1373 καθ’
380 1301 495 1379 αῦτοῦς
515 1304 563 1369 lul
589 1310 634 1392 τῷ
663 1302 847 1395 περιωνῦμῳ
872 1310 935 1371 τῶν
967 1301 1061 1389 άγέονν
1090 1303 1275 1372 ἀποστόλων
1302 1310 1380 1393 νυῷ,

240 1412 263 1465 0
281 1408 394 1475 ἐκέλευε
411 1408 649 1473 διασκέπτεσθαι
668 1404 709 1483 uic
724 1405 763 1472 άν
775 1432 808 1493 γε
828 1411 879 1473 καὶ
900 1405 1102 1484 συνελθόντες
1124 1409 1173 1473 su
1186 1415 1231 1495 aqi
1240 1407 1380 1475 Ἀθανα-
1391 1420 1428 1475 10

278 1513 335 1602 σέῳ
349 1510 386 1579 τὸ
403 1512 515 1577 δοκοῦν
529 1508 693 1596 πράξοιεν·
721 1506 892 1593 δοκιμάζειν
904 1511 965 1596 γάρ
978 1514 1029 1575 καὶ
1043 1518 1163 1593 μᾶλλον
1175 1512 1298 1591 έκεῖνον,
1322 1510 1383 1577 εἴτε

279 1619 329 1683 καὶ
343 1612 487 1698 βούλοιτο
501 1613 586 1689 τέως.
638 1612 732 1690 adele
749 1616 785 1679 δέ
799 1611 944 1697 συχνάκις
956 1610 1109 1699 ὑπήρχετο
1124 1612 1176 1679 διά
1190 1611 1383 1697 μηνυμάτων

278 1719 333 1785 τδν
344 1713 499 1801 Ἰωάννην.
552 1713 568 1782 ὃ
590 1715 695 1798 μέντοι
713 1740 747 1801 γε
758 1714 903 1801 Ἰωάννης
920 1723 1013 1783 τοῦτο
1025 1719 1082 1800 μέν
1096 1720 1147 1782 καλ
1164 1727 1231 1791 ταῖς
1243 1721 1299 1781 τοῦ
1316 1721 1382 1797 βα-

227 1886 234 1898 ,
280 1821 388 1898 σιλέιος
410 1820 548 1897 ἷκετεέαις
570 1822 742 1902 θηλυνθελς
760 1822 852 1900 τέως,
879 1817 1086 1905 ῦβριοποιθιῦν
1108 1821 1143 1885 δέ
1162 1819 1199 1885 τὸ
1217 1819 1309 1884 πλέον
1331 1820 1382 1883 tut

199 1967 204 1993 ι
280 1936 346 2001 τοῖς
360 1924 550 2009 ἀρχιερεῦσιν
557 1971 566 2002 ,
590 1920 633 1999 uie
648 1921 742 1998 αὐτὸς
756 1924 812 2005 μέν
827 1927 1002 2007 συναέροιτο
1021 1924 1109 2010 σφίσι
1123 1929 1179 2007 τῆς
1192 1916 1315 2007 γνώμης
1328 1923 1380 1986 καὶ
1392 1928 1430 1983 15

280 2029 334 2095 τὸν
353 2025 528 2114 άφορισμόν
547 2026 650 2111 ἶστοέη
666 2022 708 2101 uic
723 2025 822 2111 έρυμα
831 2074 842 2106 ,
869 2028 992 2102 έκεένοις
1007 2028 1041 2091 δι’
1054 2028 1086 2103 li}
1099 2021 1284 2092 έθελοκάιιου
1299 2020 1381 2109 γνά-

281 2157 343 2217 μης
355 2133 538 2219 προδιδοῦσι
552 2129 588 2196 τὸ
603 2128 703 2219 έρυμα
722 2128 852 2213 ἀτιμοῦν
867 2132 919 2195 καὶ
934 2128 1030 2197 αῦτδν
1045 2131 1125 2197 iulos
1132 2179 1143 2212 ,
1170 2133 1383 2217 καταπροῖσα-

349 2328 390 2383 11.
408 2326 483 2398 slya?

280 2517 376 2572 habere
393 2518 540 2586 patriarcha
556 2520 686 2588 professus
703 2518 800 2573 diserta
816 2520 904 2574 suerit.
938 2521 977 2575 ita
992 2518 1029 2574 hi.
1064 2517 1145 2574 atilli
1160 2518 1204 2588 qui
1220 2517 1341 2572 lemnam
1357 2515 1386 2570 vi

279 2587 422 2652 iuramenti,
440 2589 508 2659 quod
526 2605 588 2642 vere
605 2589 778 2659 concepisset,
796 2590 972 2659 patriarchatu
988 2587 1116 2641 excidisse
1131 2588 1331 2652 contenderunt,
1352 2593 1385 2638 ut

281 2657 331 2710 sibi
349 2657 397 2709 ism
416 2666 587 2713 consentanea
605 2659 769 2728 loquerentur
792 2665 822 2712 et
839 2665 959 2727 agerent,
984 2657 1060 2726 plaue
1083 2655 1247 2710 affirmabant
1261 2673 1318 2708 eum
1336 2671 1385 2707 ue-

281 2725 1387 2868 lllnll¹22l¹³lsdsslll”illitteraturam*mista

447 2835 456 2861 ,
1062 2835 1069 2848 .

281 2864 379 2917 irritem
396 2865 472 2918 istem
490 2882 547 2918 esse
563 2882 695 2919 censuram
712 2869 902 2920 asseverabant
937 2866 1079 2918 ducebatur
1101 2881 1149 2932 per
1170 2865 1235 2916 haec
1253 2863 1311 2915 sine
1333 2862 1387 2916 fine

283 2933 470 2986 contentionum
487 2935 564 3000 lunis,
584 2937 648 2988 adeo
665 2941 694 2987 ut
711 2945 844 3003 pertaesus
861 2944 1022 2989 aeternarum
1038 2932 1223 2987 dissensionmn
1238 2931 1387 3001 imperatur,

282 3003 309 3052 in
326 3003 436 3071 quodem
452 3003 593 3057 istiusmodi
617 3011 785 3058 conventuum
807 3005 874 3059 scire
898 3004 1005 3074 cupiens
1020 3004 1093 3055 cuius
1109 3010 1180 3054 esset
1204 3003 1312 3072 quisque
1327 3017 1388 3054 seu·

283 3069 397 3132 tentiae,
421 3077 556 3140 postquam
578 3073 690 3142 singulos
709 3074 909 3140 interrogasset,
931 3073 976 3142 qui
992 3077 1110 3140 perstare
1126 3073 1211 3124 adhuc
1225 3072 1343 3123 loannem
1359 3068 1388 3121 iu

283 3139 452 3209 patriarchali
469 3142 593 3209 dignitate
610 3148 758 3206 censerent,
774 3145 866 3195 sedere
883 3160 933 3195 uos
949 3158 1078 3206 seorsum,
1095 3139 1140 3210 qui
1159 3155 1221 3192 vero
1239 3147 1267 3191 et
1280 3138 1343 3190 illud
1359 3145 1388 3190 et

284 3212 422 3277 praeterea
437 3211 719 3266 excommunicationem
745 3213 779 3264 ab
800 3212 843 3264 illo
868 3211 946 3264 latam
963 3211 1040 3263 ullius
1057 3214 1116 3262 esse
1132 3209 1229 3261 roboris
1254 3214 1388 3274 negarent,

284 3276 358 3330 simul
375 3294 408 3330 ex
425 3278 532 3332 adverso
549 3279 655 3332 iusserit
670 3281 812 3334 considere.
846 3281 885 3332 sic
902 3278 1003 3347 agnitos
1019 3289 1046 3332 et
1067 3279 1125 3330 loco
1142 3279 1264 3330 dismetos
1281 3292 1326 3327 eos
1342 3275 1388 3344 qui

283 3346 453 3416 opinabantur
477 3365 565 3402 carere
582 3349 700 3401 Ioannem
724 3349 863 3420 pontificali
886 3355 1030 3418 potestate,
1056 3352 1224 3414 congregatos
1239 3359 1354 3397 seorsum
1370 3360 1388 3395 a

284 3415 394 3469 caeteris
410 3417 435 3468 in
453 3417 549 3470 celebri
566 3419 659 3486 templo
677 3419 728 3474 SS.
745 3417 940 3488 Apostolorum,
961 3416 1105 3470 deliberare
1127 3416 1160 3468 dc
1177 3412 1315 3467 Athanasio
1331 3413 1388 3465 ius-

284 3484 329 3550 sit,
345 3502 469 3554 sperans,
493 3494 552 3554 post
570 3483 668 3540 ir'ustra
684 3491 810 3540 tentatum
826 3495 868 3542 tot
882 3487 934 3538 illis
950 3485 1124 3555 superioribus
1140 3483 1307 3537 conventibus
1322 3481 1387 3534 viam

283 3571 381 3606 omnem
399 3555 569 3620 concordiae,
592 3556 682 3610 saltem
705 3557 750 3610 bos
774 3558 866 3610 adduci
888 3573 966 3626 posse
990 3555 1021 3606 sd
1044 3553 1183 3606 levandum
1199 3553 1249 3604 sibi
1266 3553 1388 3604 hactenus

283 3629 389 3692 optatae
413 3623 572 3677 restitutioni
594 3625 735 3678 Athanasii.
771 3624 828 3696 ipse
851 3625 954 3678 iuterim
978 3621 1043 3676 nihil
1065 3621 1213 3692 relinquens
1235 3620 1390 3673 intentatum

284 3693 352 3761 quod
371 3693 503 3762 proposito
526 3694 651 3759 serviret,
677 3701 708 3746 ut
730 3695 932 3748 molestissimum
951 3691 1109 3746 obstaculum
1127 3687 1390 3744 excommunicationis

284 3778 301 3813 a
318 3761 414 3814 Ioanne
432 3762 546 3831 prolatae
563 3767 707 3833 oppositum
723 3765 827 3832 negotio
843 3763 1000 3829 amoliretur,
1018 3769 1133 3814 tractare
1150 3777 1207 3812 curn
1223 3761 1317 3813 Ioanne
1333 3759 1389 3826 ipso

285 3828 316 3882 de
333 3830 379 3884 ills
405 3831 549 3885 reuocanda
574 3835 666 3886 crebra
690 3841 817 3886 certorum
835 3833 961 3886 hominum
986 3829 1152 3884 missitatione
1175 3847 1224 3882 non
1241 3827 1388 3881 desistebat.

284 3899 310 3950 in
328 3917 378 3968 quo
396 3918 498 3968 opereur
518 3919 568 3954 nou
585 3901 706 3972 perdidit.
741 3903 866 3955 emollitus
883 3903 948 3956 enim
964 3899 1074 3954 Ioannes
1090 3899 1167 3951 toties
1183 3897 1286 3950 iteratis
1302 3901 1391 3963 sugu-

286 3965 320 4018 sti
338 3969 465 4036 precibus,
483 3977 671 4039 praetereaque
688 3969 801 4024 offensus
817 3972 953 4042 episcopis,
970 3970 1064 4039 quibus
1081 3985 1137 4020 cnm
1154 3967 1211 4020 iere
1227 3965 1391 4018 communiter

285 4049 332 4087 sua
350 4035 460 4106 ipsorum
478 4056 555 4092 causa
572 4039 704 4093 Athanasii
723 4041 909 4093 restitutionem
926 4037 1112 4092 coessentibus.
1130 4053 1178 4105 pro
1195 4054 1225 4089 se
1241 4036 1296 4104 ipse
1312 4035 1392 4087 bene·

286 4103 345 4154 vole
369 4107 510 4160 assentiens
534 4115 562 4160 et
579 4107 729 4174 cousulens,
753 4125 872 4177 aggerem
889 4126 940 4180 quo
957 4108 1028 4160 illum
1046 4125 1062 4160 a
1077 4108 1170 4159 throno
1187 4108 1307 4159 arcerent
1321 4102 1392 4154 iusu-

287 4171 426 4241 perabilem
445 4174 568 4230 erexisset
584 4176 844 4231 excommunicatione
859 4177 1031 4248 intorquenda
1045 4175 1073 4228 in
1092 4174 1241 4243 omnesqui
1258 4191 1314 4226 eum
1332 4178 1392 4239 pto-

286 4255 390 4294 movere
408 4252 570 4313 conarentur,
587 4245 726 4299 inconsulte
741 4245 749 4296 i
770 4245 791 4298 si
808 4253 888 4316 atque
906 4247 1007 4314 ingrate
1023 4246 1065 4298 illo
1082 4244 1122 4296 uti
1138 4243 1262 4298 hactenus
1278 4240 1393 4308 [egligo-

287 4315 365 4378 rent,
389 4309 489 4383 sibique
511 4315 552 4376 sic¹
573 4313 667 4369 iustam
692 4331 756 4386 pree
790 4324 848 4368 rent
871 4315 976 4368 timendi
1000 4331 1103 4371 causam
1121 4331 1169 4378 ne,
1184 4309 1392 4383 quemadmodum
