3009 4900
259 306 334 378 tot
554 305 792 378 ousttttvst.
812 305 1048 376 PAGHYMRR.

260 471 455 536 nassitanae
467 483 570 534 noster
582 471 733 554 appellare
745 471 914 550 consuevit,
934 469 1074 532 hocloco
1092 472 1405 551 Muspmnpsiuu

258 557 380 620 dixerit.
423 579 495 618 sane
506 559 572 640 ipse
587 559 688 618 innuit
699 579 763 618 non
775 577 814 617 ex
827 556 948 638 propris
965 577 998 616 se
1014 555 1067 616 hio
1078 557 1132 616 sed
1146 577 1183 616 ex
1197 557 1319 614 aliena
1342 555 1406 612 lo-
1493 571 1494 588 ¹

258 644 311 722 qui
326 645 493 719 sententis,
526 645 599 704 dum
613 643 697 704 huuc
711 663 842 704 mensem
857 663 918 702 non
937 642 1074 702 absolute
1094 643 1407 722 Muspusrnpsoiivs

258 737 365 805 vocat,
387 729 440 788 sed
455 749 523 788 sum
544 731 597 808 qui
620 729 706 790 iuxta
727 728 920 789 Athenienses
941 727 984 788 sio
1000 727 1184 809 sppelletur3
1207 725 1406 806 quemad·
1483 761 1484 768 κ

154 815 176 867 P
191 815 243 870 495
260 813 381 874 modum
396 814 476 874 idem
493 835 523 893 p.
539 818 602 881 806
615 820 676 879 r.7
698 813 804 874 scribit
817 813 1001 888 Ianuarium,
1023 833 1110 892 quem
1129 812 1280 870 nimirum
1301 813 1405 890 ipse,
1485 852 1487 877 ,

259 909 293 960 ut
308 905 367 961 ul
388 899 443 964 l8
464 899 714 959 Observationum
734 898 810 958 tomi
834 899 943 980 prioris
965 899 1161 973 ostendimus,
1194 897 1407 956 Hecatom-

256 984 398 1044 baeonem
418 983 533 1043 iudicat
548 985 655 1044 debere
671 983 834 1064 appellsri,
858 985 1041 1044 Lenaeoncm
1064 983 1148 1042 iuxta
1164 981 1407 1042 Athenienses

258 1091 276 1128 a
292 1068 466 1148 quibusdam
480 1070 559 1146 dici,
581 1090 642 1129 non
655 1080 736 1130 recte
748 1091 803 1129 suo
817 1071 938 1148 quidem
955 1067 1078 1144 iudicio,
1100 1088 1287 1146 quamquam
1306 1067 1321 1125 i
1324 1087 1407 1148 pse

259 1155 422 1233 aliquando
437 1175 538 1214 eorum
554 1155 761 1214 auctoritatem
774 1165 895 1215 secutus
914 1155 1025 1214 luisset.
1047 1153 1141 1212 simile
1155 1153 1309 1231 quiddam
1329 1153 1405 1212 hic

260 1241 503 1317 intelligendum,
524 1241 579 1298 etsi
591 1251 699 1300 auctor
713 1261 768 1319 pro
785 1261 840 1300 suo
855 1259 938 1300 mors
954 1238 1080 1299 obscure
1095 1259 1130 1297 sc
1145 1237 1310 1296 dimidiato
1331 1257 1402 1296 res

260 1325 450 1404 exprimendi
475 1326 555 1385 clare
573 1327 679 1404 utique
701 1346 762 1385 uon
784 1325 914 1398 indicat,
943 1325 995 1383 sed
1019 1325 1153 1384 absolute
1170 1323 1301 1382 videtur
1328 1324 1399 1382 di·

262 1429 329 1468 cere
347 1412 512 1488 Augustum
530 1409 760 1470 Atheniensibus
774 1410 1048 1470 lilaemacterionem
1069 1429 1148 1481 esse,
1171 1429 1243 1467 cum
1262 1418 1396 1468 tamen

260 1495 333 1553 satis
344 1504 486 1574 appareat
501 1495 533 1554 id
550 1496 637 1554 illurn
651 1516 711 1554 non
727 1496 889 1556 credidisse
904 1495 992 1574 plane
1007 1496 1047 1554 ita
1063 1515 1094 1553 se
1105 1493 1222 1554 habere.
1252 1495 1391 1553 etenim

262 1579 286 1638 si
299 1580 343 1638 sic
356 1589 507 1655 censeret,
529 1601 591 1639 nou
605 1591 666 1640 tam
678 1601 766 1662 saepe
779 1581 852 1641 alibi
866 1581 1132 1639 Maemacterionis
1145 1579 1298 1639 vocabulo
1314 1580 1387 1640 Iu-

261 1663 364 1742 nium,
387 1665 553 1744 Augustum
569 1687 641 1727 vero
655 1665 835 1726 Posideonis
848 1665 1018 1728 indicasset.

349 1748 618 1832 μαμὰκουθος.
648 1747 785 1834 δεύτεραι
804 1752 962 1833 φροντίδες
984 1749 1038 1814 καὶ
1056 1749 1154 1828 φίλων
1171 1753 1234 1812 τῶν
1250 1749 1382 1831 taytsv

262 1833 621 1983 bitltzttttll‘
634 1835 1099 1982 ltctlttltttltllttl
1108 1835 1222 1999 12th
1232 1855 1378 1981 3232
1490 1857 1491 1864 ‘

261 2005 352 2066 huius
367 2007 517 2068 enarratio
531 2007 672 2066 vocabuli
689 2007 824 2068 chiliade
835 2005 855 2069 4
868 2006 917 2066 his
935 2006 1089 2067 versibus:

423 2088 533 2156 suardo
553 2097 597 2178 spi
611 2088 847 2176 βλιτομάμμοντι
867 2086 1062 2174 μαμμᾶκυτος
1083 2090 1232 2171 σημαίνει,

425 2175 495 2260 ἤτοι
516 2176 616 2259 μωρὸν
637 2175 865 2261 συγκρύπτοντα
885 2173 1010 2258 μάμμαν
1030 2199 1062 2242 τε
1082 2175 1135 2239 sul
1154 2173 1206 2238 siu
1228 2171 1332 2258 ipsos.

422 2262 518 2343 propi,
539 2265 617 2344 φησὶ
634 2262 692 2344 yolo
712 2267 896 2346 προφανῶς,
919 2259 1086 2344 σύνκρυπτε
1103 2256 1137 2324 sti
1153 2255 1281 2342 pdppus
1296 2279 1369 2324 oon.

260 2344 368 2422 origiui
382 2345 434 2404 hic
451 2349 601 2406 indicatae
614 2351 697 2407 vocis
714 2343 939 2430 μαμμᾶκουθος
952 2343 1012 2411 dni
1031 2351 1086 2427 τῆς
1098 2341 1220 2451 pippine
1232 2367 1368 2405 consen-

259 2437 346 2486 tanee
365 2431 471 2488 scribit
494 2430 678 2490 l¹huvorinus
694 2432 726 2489 in
743 2433 872 2493 Lexico=
895 2429 1114 2515 μαμμᾶκουθοι
1133 2431 1262 2495 oestron
1272 2454 1365 2511 μαμ-

259 2508 436 2593 μόθρεπτοι.
467 2514 614 2575 ilenricus
627 2514 794 2594 Stephanus
811 2517 841 2575 in
858 2517 1009 2579 Thesauro
1027 2514 1273 2600 μαμμοθρὲπτους
1290 2514 1360 2573 dici

256 2608 346 2679 putat
369 2621 479 2680 pueros
501 2601 622 2661 mollius
640 2610 672 2662 et
691 2602 897 2680 indulgentius
917 2604 1075 2681 educatos,
1105 2604 1198 2683 quales
1216 2600 1263 2658 illi
1277 2609 1355 2660 sunt

260 2684 313 2764 qni
329 2684 366 2743 ab
380 2688 447 2746 avia
463 2708 521 2768 pro
535 2708 640 2747 senum
659 2708 743 2747 more
764 2688 892 2749 tenerius
908 2691 1068 2769 nepotulos
1086 2698 1198 2748 amante
1208 2684 1357 2745 nutriun-

153 2815 161 2822 .
260 2778 320 2829 tur.
363 2773 509 2833 eiusmodi
530 2794 596 2833 oum
622 2774 733 2834 inertes
752 2781 784 2833 et
805 2772 971 2854 voluptarii
987 2795 1048 2835 esse
1068 2776 1198 2848 soleant,
1216 2771 1288 2830 hinc
1303 2772 1361 2831 sd-

258 2853 390 2917 haesisse
410 2869 495 2938 putat
521 2858 667 2918 vocabulo
695 2852 928 2941 μαμμὸθρεπτος
951 2859 1077 2919 similem
1103 2856 1308 2920 dissolutionis
1329 2866 1366 2917 et
1493 2904 1494 2927 ,

260 2934 424 3015 sisoioolnr
442 2944 595 3003 inlamiam
617 2946 644 3003 ei
662 2965 751 3023 quam
763 2946 860 3004 Letini
872 2965 929 3005 usu
946 2946 1071 3023 antiquo
1084 2944 1249 3005 affixerunt
1265 2942 1364 3004 verbo
1493 3002 1494 3029 ,

259 3048 361 3105 nepos.
402 3030 445 3087 ita
458 3028 523 3103 ille,
547 3050 585 3088 ex
602 3030 689 3089 cuius
702 3030 849 3091 sententia
861 3030 976 3091 nullam
997 3030 1141 3091 stultitias
1154 3051 1189 3090 ac
1204 3027 1364 3089 hebetudi-
1467 3064 1469 3071 ‹

259 3112 309 3172 nis
323 3113 449 3187 mentis,
469 3114 522 3173 sed
535 3116 632 3173 solum
653 3115 784 3175 luxuriei
805 3114 1018 3176 indicationem
1038 3117 1208 3176 contineret
1223 3114 1365 3175 vocabu-

259 3196 324 3255 lum
338 3192 580 3279 μαμμὸθρεπτυς,
602 3211 691 3279 atque
705 3202 779 3260 adeo
791 3220 853 3259 non
867 3201 1066 3280 aequivaleret
1077 3205 1120 3285 spi
1133 3194 1362 3284 μαμμακοόθφ,

259 3294 351 3362 prout
373 3286 461 3343 docet
480 3284 681 3362 Phsvorinus3
704 3286 754 3344 cui
772 3294 891 3362 tamen,
912 3296 948 3345 ut
966 3286 1092 3367 opinor,
1114 3288 1211 3345 tutius
1224 3286 1362 3345 ereditur

259 3369 411 3427 enarranti
430 3389 499 3427 suae
524 3370 642 3446 linguae
661 3370 790 3448 origines
812 3390 901 3446 quam
914 3380 999 3431 tauto
1021 3372 1181 3433 recentiori
1195 3370 1361 3430 Gramma-

256 3453 336 3524 tico,
359 3453 549 3533 quantumvis
566 3466 725 3527 accurato,
747 3453 913 3535 Stephano.
956 3458 1053 3517 multo
1077 3456 1172 3536 igitur
1187 3456 1361 3516 melios-ills

256 3540 340 3597 vocis
365 3533 599 3620 μαμμόθρεπτος
618 3540 768 3618 expositio
788 3548 833 3599 est
856 3561 944 3621 quam
961 3542 1091 3622 suggerit
1118 3544 1147 3602 S.
1173 3542 1360 3621 Augustinus

258 3622 411 3683 Concione
422 3630 443 3690 2
456 3623 487 3682 in
501 3624 596 3683 Psalut
605 3628 657 3700 80,
673 3624 711 3683 sd
724 3624 778 3684 illa
793 3627 882 3686 sorba
896 3628 994 3693 v.15=
1017 3650 1070 3709 ego
1084 3638 1187 3686 nutem
1203 3631 1235 3687 in
1249 3639 1277 3685 ts
1290 3648 1360 3706 sps-

258 3713 330 3768 rovi
353 3708 482 3770 domine.
533 3711 563 3767 si
588 3708 735 3783 attendis,
773 3710 888 3790 inquit,
917 3712 1022 3772 adhuc
1043 3712 1211 3789 hominem,
1240 3724 1268 3771 et
1289 3731 1360 3771 eum

259 3799 384 3873 quoeris
397 3797 518 3853 imitari
532 3805 560 3853 et
576 3815 611 3852 ex
622 3795 677 3853 illo
686 3794 832 3873 pendere,
854 3796 958 3857 adlzuo
970 3798 1050 3860 lucta
1064 3802 1111 3858 vis
1125 3802 1243 3858 nutriri
1256 3809 1285 3856 st
1296 3798 1358 3877 sies

259 3880 541 3963 mammothreptus,
565 3881 672 3960 quales
690 3879 837 3940 dicuntur
851 3886 944 3963 pueri
965 3886 1021 3963 qui
1042 3884 1099 3944 diu
1118 3894 1251 3965 sugunt,
1273 3878 1361 3963 quod

258 3965 432 4027 uenderet.
474 3976 580 4025 notum
601 3975 699 4025 sutem
724 3975 772 4026 est
795 3968 996 4047 experientis,
1019 3970 1104 4029 ouius
1118 3973 1357 4049 assignantem·

258 4066 322 4105 sam
339 4051 466 4128 medici,
488 4072 598 4131 pueros
623 4052 674 4131 qui
691 4072 757 4111 non.
773 4051 961 4113 ablactantur
974 4056 1166 4133 tempestive,
1188 4055 1357 4115 adolescere

258 4130 368 4191 bardos
381 4157 416 4194 so
428 4136 576 4213 stupidos,
597 4145 628 4196 et
641 4136 743 4216 quales
758 4136 969 4199 describuntur
982 4140 1019 4198 ab
1034 4138 1235 4221 Aristophane
1248 4130 1358 4221 purpri-

258 4238 341 4299 2osc,
363 4220 416 4282 tot.
436 4226 569 4301 123p.2
589 4223 637 4282 sd.
652 4224 765 4282 Graeci
782 4222 972 4285 Florentinse
988 4226 1056 4285 anni
1075 4228 1167 4292 1525.
1196 4216 1357 4305 ἀβελτερώ-

258 4324 356 4384 nepot,
384 4300 557 4385 κεχηνότες,
585 4302 805 4391 μαμμᾶκυθοι,
829 4310 923 4373 stulte
942 4308 1089 4371 hisbundi
1110 4320 1141 4374 at
1159 4310 1284 4373 sslivsm
1304 4326 1356 4369 ors
