3009 4900
285 315 359 386 720
585 307 819 379 oesmvar.
839 307 1076 377 PtGHYMElh

369 469 590 556 corrideas
610 496 639 556 p
656 477 697 541 66
711 497 741 537 ι.
754 481 787 542 7.
828 474 973 538 ridentur
992 475 1116 536 laicdiei
1132 470 1326 554 σφενδόναι
1344 472 1432 531 laci-

284 565 351 626 niae
372 561 534 644 pendentes
550 581 566 620 e
586 561 740 642 pontificio
753 561 853 640 galero
867 562 1006 621 funiculis
1021 561 1151 620 Sericis
1141 582 1174 621 ιιι
1191 558 1327 619 fundae
1351 579 1433 617 mo-

286 651 357 710 dum
374 648 521 737 perplexis
535 647 701 722 intersere,
724 665 808 706 more
819 648 910 706 etiam
923 647 1013 707 laodic
1027 647 1138 706 Latinis
1148 648 1281 709 usitato.

372 717 577 832 σφραμλςμ
594 732 676 797 42'v.
693 737 740 796 16
765 732 880 812 egohic
893 737 1043 814 σφραγῖδα
1053 732 1307 791 benedictionem
1322 730 1432 788 versi

285 820 417 880 intellexi
431 820 509 878 enim
523 819 638 898 signum
652 817 748 878 crucis
762 837 852 878 manu
865 839 1038 898 expressum
1050 841 1068 876 ιι
1082 815 1256 898 patriarcha
1274 814 1431 893 losephe

286 907 486 986 superlatum,
511 904 550 963 da
564 924 623 981 quo
638 902 806 1002 hiosgitur,
828 904 1002 982 Georgium,
1024 923 1084 962 ιιιιιι
1097 902 1309 982 pronuntiata
1328 911 1430 958 certa

286 992 447 1052 verborum
464 991 610 1065 formala,
632 1007 692 1064 qus
713 989 738 1046 ie
762 987 873 1048 electus
892 990 931 1047 ad
952 989 1083 1048 officiam
1105 989 1193 1067 primi
1212 987 1430 1045 ecclesiastis

284 1077 433 1136 Palatinae
448 1075 596 1134 concionis
622 1071 697 1148 (hoc
716 1073 794 1132 enisu
809 1085 897 1134 sonat
914 1067 1251 1156 πρωτσαιτοστσλᾶμισς)
1279 1075 1358 1130 rite
1383 1073 1427 1129 ad

284 1161 468 1238 fungendum
487 1160 519 1218 id
533 1159 728 1219 ministerium
745 1160 851 1218 missus
865 1160 977 1225 fuisset.
1019 1161 1090 1238 quis
1105 1179 1179 1217 vero
1193 1159 1295 1216 talem
1312 1159 1428 1215 bene

287 1247 446 1306 dictionem
460 1246 588 1324 episcopi
605 1264 664 1302 ιισιι
686 1245 865 1324 impendunt
883 1245 940 1305 nisi
957 1245 1012 1304 sibi
1029 1245 1176 1326 probatis,
1199 1253 1231 1302 et
1250 1243 1300 1300 de
1328 1263 1425 1320 quo·

285 1352 353 1392 rum
368 1341 449 1389 recte
465 1331 535 1404 lide,
557 1329 714 1388 sullicicnti
728 1331 905 1405 eruditione,
928 1331 1027 1410 probis
1042 1331 1173 1389 moribus
1187 1331 1266 1387 certi
1288 1331 1423 1400 forent,

285 1415 356 1476 hinc
368 1417 488 1475 rebatur
500 1414 689 1474 Andronicus
707 1413 790 1474 huuc
804 1418 960 1495 Georgium
981 1427 1100 1494 gratum
1117 1424 1147 1473 et
1163 1416 1421 1473 commendabi-

285 1503 343 1561 lem
356 1502 453 1560 visum
466 1501 504 1560 iri
523 1500 636 1579 losephi
648 1501 790 1573 sectariis,
806 1520 893 1578 quera
908 1503 1010 1580 utique
1024 1500 1172 1580 loseplrus,
1192 1501 1250 1578 ipsi
1264 1501 1313 1557 sd
1329 1520 1418 1558 con-

286 1587 401 1646 cionem
420 1587 539 1646 dicturo
559 1588 633 1644 bene
655 1587 822 1666 precando,
844 1588 956 1646 bonum
974 1587 1098 1645 dociam
1113 1585 1333 1645 orthodoxum
1349 1585 1415 1642 elc-

288 1674 435 1732 clarssset.
477 1671 526 1731 hic
541 1673 636 1732 obiter
652 1673 903 1750 praemuniendus
916 1673 1012 1732 lector
1024 1682 1083 1746 est,
1105 1691 1143 1730 ne
1157 1671 1339 1749 decipiatur
1359 1671 1413 1728 le-

287 1779 357 1836 gens
377 1757 458 1838 opud
473 1757 634 1816 Mcursium
651 1757 837 1815 vocationem
854 1758 893 1815 od
915 1757 1152 1838 patriarchatum
1173 1759 1340 1838 σφραγῖδα
1356 1756 1410 1814 cli.

288 1853 376 1908 ctam.
421 1865 510 1922 quana
527 1852 558 1901 et
574 1841 722 1921 duplicem
740 1842 900 1918 ariolatus,
918 1839 1031 1924 μικρὰν
1042 1842 1095 1904 soi
1112 1838 1248 1922 μεγάλην
1268 1863 1406 1919 parvam

288 1939 318 1988 et
332 1951 474 2008 magnam,
497 1929 579 2007 quasi
595 1930 679 2006 prior
692 1926 864 2007 designatio
878 1929 926 2003 sit,
948 1929 1095 2007 posterior
1107 1929 1319 2007 confirmatio.
1343 1933 1406 2007 tq·-

287 2037 340 2095 ρος
358 2009 463 2088 πολύς.
507 2033 561 2072 nec
579 2013 740 2086 Codinum,
763 2033 851 2090 quem
865 2014 969 2073 asserti
987 2013 1114 2073 fundum
1129 2012 1254 2087 laudat,
1275 2013 1403 2071 intelle-

285 2101 342 2160 xit.
384 2101 409 2159 ir
425 2099 502 2158 enim
518 2098 593 2158 nihil
611 2099 677 2158 vult
691 2099 774 2158 eliud
786 2100 842 2158 nisi
859 2100 1028 2179 episcopos,
1049 2099 1102 2176 qui
1115 2099 1400 2157 ordinantetcon-

286 2195 404 2245 secrant
419 2184 629 2267 patriercham,
651 2184 759 2243 illum
750 2206 782 2243 ιιι
798 2205 831 2243 ea
847 2186 1000 2245 iunctione
1013 2184 1059 2243 bis
1073 2202 1162 2244 cruce
1173 2185 1300 2262 signare,
1317 2203 1400 2260 qna-

285 2290 354 2329 rum
381 2271 622 2330 benedictionum
648 2273 729 2348 prior
747 2292 868 2349 parva,
896 2270 1043 2350 posterior
1066 2290 1182 2374 magna
1203 2270 1401 2328 consueverit

286 2355 395 2414 vocari.
438 2355 613 2413 dicebantur
629 2355 747 2412 caedem
764 2357 984 2416 benedictiones
985 2348 1176 2455 μηνύματα,
1198 2363 1234 2413 at
1248 2355 1396 2412 obseura·

285 2438 332 2497 vit
347 2437 425 2495 idem
442 2436 586 2496 Meursius
603 2434 752 2497 rerbo'
708 2464 847 2519 μηννματ
869 2462 939 2499 naua
951 2464 1076 2520 μηνυμα
1087 2443 1240 2542 signum
1225 2447 1268 2498 est
1280 2447 1310 2496 ct
1322 2435 1394 2501 κατ’

285 2518 395 2603 ὶξσχήν
408 2526 535 2601 signum
547 2524 649 2580 crocis
666 2542 757 2582 ιιιιιιιιι
769 2525 972 2584 benedicendo
989 2527 1160 2585 formatam.
1200 2520 1318 2606 μήνιμα
1334 2527 1386 2581 ei-

283 2626 382 2687 gnum
397 2608 524 2682 (licitur,
545 2628 608 2666 nou
622 2617 736 2683 autem,
757 2618 793 2667 ut
805 2608 831 2667 is
842 2609 884 2667 ibi
896 2610 1034 2686 somniat,
1055 2614 1184 2672 vocatio.

181 2712 272 2769 p511
377 2690 422 2757 τὰ
444 2692 703 2774 τετελεσμένα
725 2716 756 2771 p
771 2698 858 2759 77v
876 2700 927 2761 13.
971 2656 1046 2794 quid
1066 2697 1106 2755 sit
1125 2684 1382 2769 Ῑιίοέιτιληθινιιν

291 2784 356 2851 τοῖς
376 2778 609 2860 τετελεσμένοις,
632 2780 814 2838 comminisci
806 2779 960 2840 multum
973 2782 1107 2857 cogitans
1125 2782 1205 2840 aliud
1223 2798 1278 2836 noa
1294 2778 1384 2856 potui

289 2884 378 2944 quam
399 2866 481 2945 quod
501 2865 727 2943 interpretando
750 2865 898 2945 expressi,
917 2867 1073 2943 contigisse
1089 2876 1164 2924 tunc
1180 2863 1314 2924 nimirum
1325 2862 1387 2921 sli-

289 2949 362 3029 quid
381 2970 441 3029 quo
456 2970 537 3009 sacra
552 2950 685 3029 symbola
701 2952 865 3010 consecrati
880 2962 910 3011 et
923 2953 1022 3012 verbis
1038 2950 1297 3011 sacramentalibus
1310 2968 1386 3006 ιιιιι-

220 3086 222 3097 ,
286 3036 344 3093 tati
358 3036 391 3093 in
407 3034 515 3093 Christi
529 3054 638 3115 corpus
655 3036 742 3114 panis
761 3037 817 3095 alia
834 3038 920 3096 etiam
936 3038 1059 3096 notione
1076 3057 1162 3116 quam
1179 3036 1231 3095 illa
1248 3035 1280 3093 in
1292 3035 1387 3093 eccls-

290 3120 342 3178 aiis
363 3120 473 3179 usitata
491 3129 573 3179 recte
593 3122 695 3179 vocari
718 3116 756 3182 sel
773 3122 965 3201 ’τετελεσμένα
984 3124 1155 3201 potuerint,
1177 3139 1282 3199 nempe
1305 3119 1386 3199 quod

287 3204 373 3263 linita
389 3216 418 3265 et
432 3206 608 3265 alteratione
628 3206 826 3265 accidentium
838 3228 880 3265 ex
895 3208 994 3286 specie
1007 3207 1040 3265 in
1056 3226 1163 3267 noram
1178 3208 1301 3265 formam
1313 3224 1385 3263 cor·

287 3298 376 3369 rupta
399 3292 520 3349 suerint.
563 3286 596 3353 τὸ
616 3296 710 3353 τελεῖν
729 3291 868 3351 videlicet
887 3312 949 3350 non
969 3293 1066 3353 solum
1084 3312 1122 3351 ex
1137 3312 1195 3351 usu
1216 3298 1299 3350 sonat
1310 3311 1383 3369 per-

287 3396 376 3453 acere
385 3376 526 3453 perferre
537 3377 726 3453 sacrificare,
748 3376 802 3434 sed
820 3377 909 3435 etiam
927 3398 965 3436 cx
978 3378 1092 3456 origine
1102 3378 1198 3456 finire
1210 3396 1383 3436 consumere

287 3461 367 3519 unde
382 3459 531 3539 passivam
545 3482 581 3519 τα
575 3456 798 3538 τετελεσμένα,
821 3482 897 3539 quae
913 3464 998 3522 velut
1012 3464 1132 3543 propria
1144 3461 1303 3543 appellatio
1314 3481 1383 3539 spe-

286 3546 388 3605 ciebas
409 3542 611 3604 eucharisticis
634 3564 649 3604 e
675 3544 819 3605 sacrificio
842 3548 967 3607 servatis
981 3568 1063 3608 more
1080 3550 1260 3607 Graecorum
1274 3547 1382 3606 tribue-

285 3630 392 3708 batur,
415 3630 474 3689 alio
498 3650 589 3688 sensu
609 3638 673 3689 tum
695 3632 859 3691 convenire
881 3634 924 3692 sic
945 3634 1123 3713 putrefactis
1143 3632 1380 3692 etininformcm

287 3717 418 3797 speciem
438 3714 657 3793 transfiguratis
672 3717 816 3795 symbolis
831 3717 940 3777 Christi
956 3719 1090 3798 corporis
1109 3718 1221 3799 potuit,
1243 3726 1378 3795 quatenus

286 3802 430 3861 nimirum
451 3822 489 3861 ear
507 3802 608 3861 nativa
618 3845 627 3875 ,
652 3810 687 3860 ut
711 3802 795 3879 dixi,
817 3804 1032 3881 significatione
1046 3803 1152 3863 redicis
1167 3804 1248 3861 unde
1262 3801 1377 3861 verbum

286 3886 370 3945 istud
393 3888 558 3963 germinat,
580 3896 666 3946 sonat
686 3898 839 3967 praeterea
862 3899 1043 3968 cousumpta
1061 3898 1223 3969 corrupta,
1244 3906 1279 3945 er
1289 3886 1376 3966 priori

288 3970 406 4030 desita'
398 3994 455 4031 ram
472 3972 592 4032 forma'
583 3992 615 4031 an
633 3992 741 4032 norem
758 3974 844 4032 sliam
859 3974 1026 4034 deiterata.
1068 3973 1142 4033 haec
1153 3983 1308 4051 utcumque
1318 3971 1375 4029 dici

286 4056 492 4117 verisimiliter
504 4066 657 4137 poterant.
680 4070 753 4138 puto
767 4069 866 4119 tamen
882 4062 963 4119 alind
979 4060 1209 4139 Pachyrnerean,
1229 4058 1294 4116 dum
1308 4055 1373 4114 lucc

288 4138 431 4199 scriberet
440 4152 627 4221 „spectasse
670 4146 716 4203 sui
737 4145 876 4203 videlicet
894 4146 952 4205 He
944 4146 1035 4224 ychii
1060 4165 1187 4218 memor,
1211 4142 1370 4220 ‹puodiaeo

288 4223 409 4300 legisset
426 4227 630 4305 τετελεσμένον
645 4252 678 4291 το
669 4224 761 4292 olor
775 4234 899 4311 πρᾶγμα
917 4224 1134 4309 τελεσθῆναι”
1112 4252 1207 4325 ynam
1222 4228 1371 4306 πληρωθῆ-

289 4332 357 4381 ναι,
388 4303 484 4391 iiatci
501 4313 718 4395 μεμιασμένον,
746 4335 845 4376 reram
866 4314 930 4375 illio
949 4315 1112 4376 indicatam
1131 4313 1293 4387 notionem,
1317 4329 1368 4388 qua
