3009 4900
272 303 346 377 788
534 353 538 364 .
560 299 812 380 ΙΟΒΒΕΙΝΔΊΪ.
834 297 1072 367 PAGHYlllEll.
1101 303 1106 315 “

269 470 368 532 teoimi
381 467 480 545 tertii,
501 471 532 525 et
551 466 577 524 si
595 463 726 524 donimus
740 483 759 520 a
776 462 830 522 tali
847 459 960 543 epocha
973 463 1077 523 fuisset
1091 461 1273 542 expiandus
1285 483 1419 541 am,

273 573 463 636 perseverare
474 553 554 612 idem
567 551 684 612 clausus
696 550 729 610 i'n
739 549 799 608 isto
810 548 1042 609 loondebuisset
1060 567 1156 626 usque
1173 549 1220 606 ad
1238 553 1285 613 16
1298 551 1419 609 ono-

272 643 336 702 bria
350 639 531 718 insequentia
549 636 647 712 diem,
667 656 686 694 a
704 653 765 713 quo
780 632 844 694 dies
862 638 901 698 19
916 634 1046 694 ianuarii
1065 653 1178 693 novem
1194 636 1268 693 sere
1293 636 1418 694 onidis

273 728 359 787 abest
371 725 536 800 mensibus,
557 731 682 802 apparet
697 739 785 798 qnam
796 719 836 777 ed
848 737 951 779 verum
964 729 1070 778 exacte
1083 719 1213 778 definita
1230 718 1419 780 Athenai

273 814 307 871 ln
319 810 458 871 Cosmid'u
471 807 650 868 monasterio
664 814 778 864 secreta
790 801 937 864 habitatio
952 805 1043 864 inerit
1056 804 1156 885 spatio
1170 807 1326 884 praeciso
1341 807 1417 865 de—

274 913 516 963 cemannorum,
538 894 636 952 minue
651 909 760 951 novem
773 889 932 950 mensibus.
1492 902 1496 913 ·

310 1029 314 1040 .
360 981 410 1041 111.
452 979 533 1038 Haec
544 987 707 1054 utcumque
726 995 788 1034 non
806 975 953 1033 inutiliter
962 973 995 1032 in
1009 983 1074 1032 rem
1086 982 1228 1033 nostram
1241 985 1418 1036 annotata

275 1059 1423 1140 suntnonsbsnlvnnttamenpropnsitamdsprincipioetlinopatrierchn-
1502 1081 1505 1100 ¹

275 1163 328 1214 tua
339 1150 459 1210 Ioannis
472 1149 592 1207 Cnamae
605 1147 820 1224 quaestionemq
844 1145 991 1223 siqnidem
1003 1144 1029 1203 is
1040 1163 1097 1203 nec
1110 1143 1275 1204 inchoavit
1290 1147 1419 1206 statim

276 1257 295 1295 a
316 1238 433 1296 recessu
454 1228 608 1292 Athanasii
628 1231 662 1290 iia
686 1229 900 1290 monasterium
918 1229 1076 1303 cosmidii,
1096 1249 1153 1289 nec
1173 1249 1211 1288 eo
1233 1242 1417 1291 momento
1500 1237 1505 1242 ’

275 1321 365 1381 desiit
381 1339 440 1398 quo
460 1316 647 1376 Andronicus
661 1315 856 1374 Athanasium
878 1314 1006 1372 eundem
1021 1315 1062 1372 ibi
1082 1316 1240 1375 convenit
1287 1318 1350 1377 sed
1364 1317 1418 1375 de

274 1405 362 1465 initio
382 1402 502 1482 quidem
519 1401 599 1460 cisra
621 1400 716 1460 tradit
732 1399 928 1480 Pachymeres
942 1419 971 1478 p.
985 1401 1049 1464 186
1067 1419 1097 1461 v,
1114 1404 1153 1474 9,
1175 1401 1328 1461 kalendis
1349 1402 1415 1460 Ia-

274 1488 372 1550 nuarii
389 1489 528 1546 loannem
543 1487 679 1545 Coemsm
693 1486 752 1544 rite
766 1486 858 1545 inisse
871 1486 1079 1562 inauguratnm
1095 1484 1321 1563 patriarcham.
1345 1507 1415 1546 nee:

276 1574 403 1635 dubium
418 1593 456 1632 ex
470 1580 538 1632 toto
554 1579 700 1630 contextu
713 1589 815 1629 rerum
835 1579 906 1629 ante
925 1589 959 1628 ac
979 1568 1104 1649 postibi
1120 1579 1327 1630 narratarum
1346 1582 1411 1646 est,

276 1661 352 1739 quin
366 1659 439 1716 istae
454 1657 599 1716 kalendae
616 1655 767 1715 lanuarias
780 1656 892 1716 luerint
906 1657 1042 1733 proxime
1059 1665 1177 1714 secum
1190 1665 1264 1734 post
1278 1656 1408 1715 disoee-

278 1753 346 1806 tum
361 1763 378 1802 e
392 1741 578 1822 patriarchio
592 1739 744 1800 Athinssii
762 1741 793 1801 bt
805 1738 1103 1804 liniussin'cluslonem
1117 1741 1149 1828 ιὶιι
1170 1743 1408 1802 monasterium

280 1827 433 1904 Cosmidii,
454 1848 543 1906 qnam
560 1832 600 1892 16
615 1827 664 1886 dis
679 1827 816 1885 Octobris
828 1825 899 1884 anni
912 1823 1024 1882 Christi
1038 1827 1120 1888 1293
1134 1826 1298 1904 contigisse
1315 1827 1405 1887 vidi-

280 1935 358 1978 mus.
401 1922 517 1972 manent
532 1913 621 1990 igitur
634 1931 689 1989 pro
705 1921 786 1970 certo
799 1911 938 1968 loannem
951 1910 1087 1967 &emam
1098 1929 1116 1966 a
1129 1911 1270 1970 kalendis
1283 1913 1404 1972 lanua-

280 2000 333 2061 aiis
352 1999 422 2057 aurii
437 1997 548 2056 christi
564 1994 645 2060 1294
660 2001 793 2074 praeesse
805 1992 999 2075 patriarchali
1012 2000 1162 2072 potestne
1173 1997 1403 2056 Constantino-

281 2084 432 2166 politanae
450 2081 587 2141 e'ncleaiae
607 2081 746 2160 coepisse.
788 2082 857 2156 quia
874 2099 947 2141 vero
968 2078 1105 2156 quando,
1125 2101 1238 2140 novem
1255 2084 1350 2141 onnia
1370 2092 1404 2140 et

281 2168 447 2230 octodecim
463 2167 566 2226 diebus
582 2164 653 2225 inde
667 2166 870 2240 vertentibus,
890 2164 1079 2223 Andronicus
1094 2167 1261 2246 imperator
1274 2168 1404 2245 episco-

281 2275 336 2332 pos
353 2255 464 2312 clerum
478 2260 510 2310 et
526 2251 671 2330 populum
685 2270 785 2310 secum
799 2250 910 2310 ducens
922 2247 1120 2309 Athanasium
1138 2251 1229 2326 adiit,
1251 2253 1403 2312 nondum

281 2338 434 2396 manifeste
460 2339 579 2396 tiosma'e
606 2335 755 2396 abiecerat
781 2336 992 2416 possessionem
1018 2335 1226 2414 patriarchalia
1252 2335 1401 2412 honoris,

281 2437 370 2497 quem
393 2429 448 2479 net:
467 2421 529 2499 ipse
550 2419 729 2481 Athanasius
750 2430 913 2498 utcumque
931 2431 1006 2480 tunc
1027 2419 1157 2482 delatum
1176 2421 1327 2497 admisit,
1367 2432 1401 2483 et

282 2505 401 2562 cosmae
422 2506 539 2581 postea,
557 2504 622 2581 ipso
637 2505 750 2562 fatente
771 2508 950 2583 imperatore
974 2504 1073 2565 adhuc
1092 2505 1257 2585 patriarcha
1280 2526 1400 2585 vernn,

281 2588 371 2657 etism
380 2587 494 2653 uitalis
505 2586 688 2646 anathemati
698 2587 824 2647 subiecit
834 2602 1051 2668 quemcumque
1062 2594 1109 2669 qui
1119 2590 1275 2648 moliretur
1281 2592 1400 2650 Atha-

282 2672 398 2733 hsnium
418 2672 450 2732 in
463 2670 576 2732 throno
589 2676 748 2751 repon'ere‘,
770 2675 958 2751 quaer'e'ndus
972 2676 1044 2736 alibi
1055 2686 1098 2735 est
1107 2694 1193 2735 verns
1206 2683 1238 2732 et
1249 2675 1397 2736 indubia·

282 2766 367 2819 tatus
381 2758 450 2819 finis
466 2757 684 2837 pstriarchatus
699 2760 830 2823 cosmae.
1312 2829 1316 2835 ἱ

367 2844 415 2905 lV.
457 2844 485 2903 Is
500 2864 590 2923 porro
603 2863 666 2903 non
682 2844 752 2905 alibi
767 2845 933 2925 reperietur
945 2857 1035 2924 quant
1045 2865 1076 2926 p.
1084 2849 1145 2911 382
1154 2848 1318 2922 utilaqq„
1332 2846 1398 2907 ubi

284 2930 380 2989 refert
398 2928 592 3006 Pachymeres
612 2928 818 2989 Andronicum
841 2930 1062 2991 abscindentem
1081 2931 1194 2991 nodum
1211 2948 1305 3007 quem
1324 2932 1414 2991 soi·

284 3032 356 3075 vere
377 3014 535 3089 nequibat,
557 3013 630 3073 dum
644 3016 795 3095 episcopos
807 3016 840 3075 in
855 3016 970 3095 synodo
984 3017 1047 3076 sine
1063 3015 1153 3075 modo
1167 3025 1221 3075 aut
1236 3030 1291 3096 spe
1313 3037 1395 3075 non-

284 3098 435 3160 ventionis
451 3094 489 3157 de
505 3097 692 3159 abdicatione
705 3100 826 3161 loannis
839 3102 961 3160 cosmae
979 3111 1010 3161 et
1027 3102 1217 3161 restitutione
1232 3098 1394 3161 Athanasii

286 3184 463 3243 altercantes
477 3181 569 3261 ¹videt,
584 3186 740 3264 insumptis
754 3188 853 3245 s'ecum
867 3186 903 3246 iis
915 3188 966 3265 qui
981 3186 1143 3247 Athanasio
1155 3187 1309 3260 favebant,
1323 3206 1396 3247 eum

285 3268 360 3329 iuris
373 3286 509 3328 securum
521 3288 579 3329 usu
590 3289 626 3329 sc
636 3270 714 3329 lacto
725 3270 758 3329 in
769 3270 989 3349 patriarchatus
1000 3273 1181 3351 possessione
1192 3273 1394 3346 constituisse,

283 3353 388 3414 multis
403 3352 609 3431 episcoporum
622 3354 730 3433 etipse
746 3355 857 3415 loanne
868 3357 973 3416 cosm
984 3358 1184 3435 nequidquam
1198 3358 1395 3417 rechmmtia

285 3437 360 3511 bus,
382 3444 413 3494 et
430 3436 489 3495 hnc
502 3438 622 3513 quidem
646 3440 713 3513 (etsi
727 3440 760 3499 vi
777 3442 883 3501 maiori
900 3442 1007 3501 cedens
1020 3443 1189 3522 Sosopohm
1210 3442 1245 3501 in
1259 3443 1393 3523 patriam

249 3530 252 3536 “
289 3518 422 3601 recessit)
433 3528 539 3581 verum
553 3542 585 3580 se
600 3520 700 3582 adhuc
714 3524 913 3602 patriarcham
931 3528 1104 3588 arbitrante.
1146 3536 1274 3586 extunc
1289 3537 1394 3587 tamen

225 3682 227 3687 Ι
287 3605 554 3685 abimperatoteac
567 3606 1394 3693 plerisqueloannescosmashaberipropatriarchsde·

286 3692 349 3768 niit3
365 3688 579 3751 etAthanesius
586 3692 753 3753 functiones
759 3695 822 3754 eiua
834 3700 987 3773 potestatis
1000 3698 1075 3775 (quo'
1088 3699 1154 3757 iure
1162 3707 1259 3776 q'uave
1272 3698 1393 3769 iniuria,

288 3775 585 3857 denoscitlexarcuit.
606 3777 749 3839 habemus
760 3785 858 3839 tutem
865 3780 943 3840 hanc
957 3778 1099 3859 epocham
1105 3783 1276 3861 insignitam
1282 3781 1394 3840 chara-

224 3906 226 3910 ,
288 3871 370 3923 ctera
383 3860 607 3941 chronologico,
627 3864 680 3923 sed
695 3873 819 3944 propter
831 3866 995 3925 affectatam
1012 3866 1223 3946 aPachymere
1240 3866 1393 3945 quandam

209 3984 210 3995 κ
287 3946 320 4007 in
335 3946 428 4008 verbo
441 3948 662 4027 ambiguitatem
676 3948 827 4026 indigente
839 3950 1039 4011 declaratione
1052 3973 1115 4011 non
1128 3954 1340 4032 perfunctoria.

373 4032 412 4095 V.
453 4031 503 4091 Ait
523 4033 663 4093 nimirum
683 4043 785 4095 noster
801 4034 963 4097 historicus
980 4058 1009 4115 p.
1027 4042 1091 4104 383
1108 4058 1139 4099 v.
1158 4038 1198 4103 18
1213 4038 1306 4111 diem,
1325 4050 1391 4113 quo

289 4120 335 4173 est
351 4098 388 4175 ab
401 4114 573 4179 Andronico
590 4118 767 4198 imperatore
785 4121 817 4179 vi
837 4129 867 4178 et
880 4128 973 4182 minu
989 4120 1102 4181 throno
1122 4121 1279 4202 impositus
1292 4118 1393 4179 Atho*

288 4198 403 4275 nasius,
424 4203 513 4263 fuisse
531 4203 703 4265 vicesimum
717 4207 838 4264 tertium
851 4208 960 4267 mensis
972 4206 1202 4267 Atheniensibus
1212 4206 1393 4267 Maemacte-

288 4280 382 4343 rionis
402 4282 491 4363 dicti,
512 4288 596 4349 cuiut
609 4290 724 4369 primus
739 4300 771 4352 et
781 4290 935 4354 vicesimus
952 4292 1016 4354 dios
1027 4292 1080 4353 illo
1094 4292 1221 4353 sunnin
1230 4308 1392 4374 μυοπ-
