3009 4900
298 273 373 344 790
606 269 1093 340 onsttttvrmuctmttttt

295 447 459 500 mmmm
472 438 551 498 litter
565 437 714 516 absentas,
734 437 807 498 binc
819 435 1015 498 nocuerim
1028 435 1099 498 inde
1113 434 1329 496 Andronicum
1346 438 1408 494 ἰ-

293 533 474 606 puriorem,
487 524 525 586 de
543 525 681 584 anxilirri
704 524 795 583 clane
816 523 854 582 eb
869 523 923 582 illo
943 522 982 583 ad
1001 522 1084 582 bunc
1098 522 1297 584 rdduomdr.
1339 541 1409 579 ιι

293 631 433 692 praesena
452 619 550 670 stetur
569 629 671 670 rernm
693 609 844 690 impellere
865 607 1057 668 vehementer
1068 607 1286 667 Andronicum
1298 607 1345 666 ad
1359 607 1417 664 ad-

295 695 477 756 mittendum
490 695 623 754 oblrtum
639 696 784 756 auxilium
798 693 916 754 debuitt
930 713 966 754 eo
978 694 1088 773 quippe
1100 713 1182 752 anno
1196 692 1337 752 trien-et
1352 692 1419 750 Δι-

295 792 400 860 gnatus
414 782 512 842 iunior
527 781 589 840 eiua
608 781 685 840 lilim
704 798 807 840 omnes
827 799 927 840 secum
942 779 1058 860 imperii
1074 779 1176 856 copies
1192 779 1334 837 docta-e
1352 789 1420 836 ter·
1460 786 1462 795 ⁴

220 921 222 928 .
295 889 366 946 gum
388 866 543 928 inhoneste
565 867 659 926 Penii
680 874 826 941 verteret,
853 866 980 943 fugaque
1005 863 1160 944 praecipiti
1183 883 1218 921 se
1245 865 1423 922 induem

296 953 475 1032 diagneeire,
496 951 549 1011 ubi
559 961 591 1010 et
604 951 797 1012 deaerebrtur
810 969 827 1010 a
844 949 987 1010 militibue
997 959 1027 1009 et
1039 951 1171 1010 omnium
1183 968 1297 1008 rernm
1307 959 1421 1008 exan-

297 1059 347 1098 me
357 1037 510 1098 laborrbrt
525 1037 635 1118 inopia,
656 1038 704 1096 cui
718 1035 877 1096 subvenire
890 1035 1079 1095 Andronicus
1095 1045 1184 1116 peter
1206 1035 1424 1094 camsi-t

296 1133 426 1202 cuperet,
437 1123 596 1182 obstaculis
608 1121 845 1182 ineluctabilibus
858 1119 1082 1202 prohibebatur,
1089 1129 1184 1200 prout
1196 1122 1289 1199 priua
1302 1140 1420 1179 narra-

296 1219 384 1272 verat
396 1210 459 1289 ipse
472 1207 665 1286 Pachymcrec
683 1207 738 1272 li
755 1227 781 1268 e.
794 1209 851 1280 18,
872 1215 1087 1284 conrequeuter
1104 1204 1176 1264 inde
1196 1207 1342 1264 τοίω
1360 1207 1422 1262 rni-

296 1297 449 1356 serrimrm
464 1292 675 1352 desolationem
690 1293 824 1352 omnium
835 1293 950 1372 imperii
966 1293 1119 1370 reponem
1132 1310 1191 1369 per
1209 1290 1284 1348 illoc
1298 1291 1417 1350 Oria:—

297 1381 372 1440 teler
390 1386 504 1438 tractus
525 1397 564 1436 ex
582 1377 629 1436 bie
646 1387 795 1453 secutam,
816 1379 988 1456 praesertim
1001 1387 1070 1456 port
1088 1395 1200 1436 novam
1218 1387 1254 1434 et
1266 1377 1419 1434 luculen-

297 1477 358 1524 tam
371 1463 485 1524 clrdem
500 1463 703 1524 Romanorum
716 1463 793 1522 duce
805 1463 961 1522 binzalone
973 1459 1195 1535 hetaeriarclra,
1218 1461 1271 1520 die
1284 1467 1329 1528 27
1346 1461 1419 1520 lolii

296 1553 375 1610 circa
390 1547 544 1630 Brpbenni
561 1569 655 1629 prope
667 1548 867 1610 Nicomediam
890 1570 907 1606 ι
921 1549 1016 1606 Persic
1034 1547 1111 1606 duce
1123 1547 1261 1605 dtmane
1283 1548 1415 1615 illatam

297 1655 374 1714 quae
388 1635 408 1696 l.
423 1635 444 1700 4
462 1653 490 1701 c.
502 1636 544 1700 25
563 1634 751 1696 dereribitur.
792 1634 932 1694 exuent·
951 1653 1022 1712 ergo
1041 1631 1192 1692 meneibur
1207 1652 1263 1696 an.
1279 1635 1371 1697 13⁰2
1382 1641 1414 1687 et

296 1721 401 1802 primia
416 1720 486 1780 anni
499 1721 649 1800 requentia
663 1723 744 1788 1303
760 1720 821 1780 luit
834 1720 994 1780 conventio
1010 1718 1068 1778 iste
1089 1717 1337 1777 commeentibus
1358 1716 1410 1774 ul·

296 1819 347 1868 tro
363 1808 498 1885 citroque
512 1807 626 1866 nontiie
638 1805 793 1881 concluea3
813 1823 976 1883 rursusque
985 1802 1098 1882 aliquot
1111 1801 1185 1862 inde
1201 1801 1362 1862 murn'bue
1376 1802 1407 1860 in

295 1893 395 1952 clariis
410 1901 557 1972 apprretu
573 1891 712 1974 impensis
717 1935 730 1968 ,
752 1889 874 1951 tandem
892 1909 927 1949 ea
942 1908 1042 1950 menie
1059 1887 1232 1970 Septembri
1252 1889 1405 1947 (inmun-
1459 1890 1463 1909 ⁹

294 1977 450 2058 tinopolim
464 1975 590 2056 appulit.

378 2061 429 2125 tv.
471 2061 572 2121 bieme
588 2062 710 2139 inquam
723 2059 889 2140 Septembri
902 2059 973 2119 enni
987 2057 1095 2120 chricti
1113 2060 1212 2132 teor,
1230 2056 1347 2116 diaerte
1360 2057 1398 2113 ai-
1462 2074 1464 2127 χ

293 2147 413 2226 quidem
428 2155 589 2208 attestetur
600 2144 794 2226 Pachymeree
806 2165 836 2226 p.
849 2149 910 2212 393
924 2165 955 2208 r.
968 2149 999 2223 6,
1019 2146 1154 2204 incenato
1168 2161 1247 2201 mox
1265 2145 1401 2221 Septem·

292 2233 349 2306 bri,
371 2243 441 2312 port
454 2251 583 2292 menaem
596 2235 760 2310 laganum
773 2232 858 2292 cuine
872 2229 920 2290 die
934 2240 1043 2291 octevo
1058 2237 1280 2289 terraemotus
1291 2227 1401 2305 incepit

291 2335 353 2392 quo
368 2317 509 2375 subveraa
523 2328 567 2376 est
580 2315 723 2388 lihodus,
743 2317 891 2396 appulisse
902 2315 1093 2376 timuerim
1107 2313 1396 2393 (leuatrntinopolim

290 2417 359 2457 cunr
378 2400 468 2457 clarae
487 2401 638 2473 auxiliari,
659 2401 825 2461 indictione
841 2401 981 2463 oecunde.
1021 2399 1114 2461 verba
1128 2399 1196 2457 einr
1210 2408 1300 2458 aunt:
1318 2393 1396 2459 mii

173 2532 182 2543 ,
289 2479 340 2543 riv
354 2482 404 2545 inl
418 2478 514 2565 τούτῳ
528 2488 709 2563 Γαμηλιῶνα
722 2486 862 2565 druripue
880 2486 1081 2566 ἔπινεμήσεος
1100 2479 1183 2547 εἶδεν
1196 2482 1222 2566 ’t‘
1230 2488 1392 2545 Komar·
1466 2428 1469 2578 l

288 2567 375 2629 πίνου
386 2564 438 2629 acl
454 2562 509 2631 riv
519 2574 653 2629 Λατῖνον
667 2564 855 2651 Ῥοντζέρων.
898 2572 1062 2646 Gamelion,
1082 2570 1142 2629 boc
1155 2580 1203 2628 eet
1214 2588 1266 2627 nan
1278 2585 1388 2645 pepe·

289 2660 345 2711 tuo
360 2652 548 2734 Pechymerir
562 2652 743 2733 September,
764 2652 935 2715 indictionis
943 2657 1102 2731 necandae,
1122 2664 1170 2715 ast
1181 2654 1238 2714 aine
1250 2652 1311 2711 ullo
1321 2650 1381 2709 du·
1466 2617 1469 2766 l

290 2737 341 2797 bio
357 2740 529 2820 September
548 2760 564 2797 a
585 2760 645 2819 quo
666 2738 779 2819 incepit
797 2758 880 2799 more
896 2742 1078 2803 Grrecornm
1095 2738 1243 2801 numer-eri
1258 2734 1384 2797 indictio

291 2826 433 2891 secunda.
474 2824 653 2885 indictionee
666 2834 777 2899 eutem,
795 2846 869 2903 qnae
882 2827 980 2887 Latini
993 2847 1010 2886 a
1022 2825 1160 2887 kalendir
1171 2822 1313 2885 lenuairii
1326 2840 1384 2882 nu·
1467 2817 1469 2900 l

290 2928 407 2971 merere
421 2911 593 2989 incipimus,
615 2910 722 2970 Graeci
740 2930 855 2991 temper
866 2933 884 2970 a
902 2923 1011 2991 quarto
1023 2921 1107 2972 retro
1122 2930 1223 2970 menae
1239 2908 1387 2980 inchoent,

289 2994 372 3054 unde
380 3006 411 3055 et
419 2996 539 3055 initium
548 2996 663 3055 ducunt
671 3016 820 3073 annorum
827 3015 912 3057 aerae
924 3018 1020 3058 turea
1031 2996 1136 3057 mnndi
1144 2994 1296 3075 prinu’pio
1305 2994 1385 3075 juxte
1467 3019 1468 3024 ¹

289 3080 419 3141 calculoa
432 3080 575 3159 ipsorum.
617 3080 699 3141 unde
711 3102 780 3141 cum
797 3082 959 3143 videi-imni
971 3084 1104 3162 superine
1120 3086 1186 3146 ne
1204 3079 1387 3141 Fridcricnn

289 3164 391 3224 literas
402 3168 543 3247 publicet,
562 3166 669 3245 quibui
680 3186 784 3247 pacem
799 3187 817 3224 a
831 3186 861 3226 se
874 3169 1053 3229 cnmCarolo
1063 3166 1274 3246 regetleapolie
1288 3166 1386 3225 inimo
1467 3199 1468 3278 p

287 3254 499 3331 promulgavit,
523 3252 706 3331 consignante
722 3272 801 3311 anno
814 3252 925 3312 chricti
946 3260 1036 3328 1802,
1050 3254 1099 3312 die
1114 3255 1152 3316 19
1160 3252 1300 3329 Augusti,
1313 3248 1386 3311 indi·

288 3334 388 3394 ctione
411 3340 466 3412 15,
485 3338 647 3415 intelligere
664 3337 805 3395 debemur
822 3337 913 3397 luiree
931 3338 1017 3399 illum
1031 3356 1142 3398 ennnm
1157 3336 1305 3396 utimum
1319 3332 1386 3416 cycli

287 3420 460 3479 indictionia
475 3422 697 3501 complectentis
717 3441 811 3481 ennea
829 3423 1012 3501 quindecim,
1033 3425 1076 3483 ite
1089 3431 1126 3481 nt
1140 3422 1315 3501 Septembri
1328 3426 1385 3501 poti

285 3504 370 3565 illum
391 3506 555 3583 Augurium
579 3524 651 3565 mox
675 3515 778 3566 secuto
797 3508 903 3567 Graeci
920 3528 1078 3569 numerere
1100 3506 1227 3587 primam
1243 3507 1385 3567 indictio-

284 3608 353 3649 nem
368 3590 529 3669 coeperint,
551 3591 649 3651 Latini
661 3610 734 3651 vero
750 3591 784 3651 id
796 3593 894 3652 facere
908 3592 1079 3653 distulerint
1090 3610 1185 3671 neque
1200 3591 1241 3650 ad
1256 3592 1383 3671 primun

284 3673 363 3733 diem
377 3674 505 3736 ianuarii
521 3677 685 3754 sequentir,
707 3696 768 3755 quo
782 3676 893 3737 chricti
913 3698 1010 3737 annus
1025 3682 1106 3744 1803
1124 3677 1240 3736 calculo
1253 3679 1382 3756 ipsorum

283 3768 330 3819 eat
340 3760 443 3825 initur.
475 3780 580 3821 ruram
591 3760 682 3823 buius
693 3761 765 3821 enni
778 3761 888 3823 Christi
902 3766 985 3830 1303
997 3781 1096 3823 menae
1104 3762 1272 3842 Septembri
1281 3757 1381 3824 Gratti
1467 3771 1469 3788 '

283 3844 445 3907 secundam
466 3844 659 3907 indictionem
677 3858 892 3923 numerarunt,
914 3848 987 3907 dnm
1003 3848 1115 3907 latinii
1135 3848 1263 3907 indictio
1285 3847 1380 3908 adbuc

281 3929 381 4006 prime
401 3950 455 4011 per
473 3932 602 4012 epatium
622 3931 840 4011 quadrimeetre
855 3941 999 3993 curreret.
1039 3952 1096 3993 nec
1114 3932 1188 3991 elini
1208 3930 1379 3993 abiecte

282 4014 419 4089 ptember
437 4016 599 4077 indictione
620 4018 749 4077 secunda
770 4018 891 4077 Graecis
914 4018 1035 4097 insignis
1057 4018 1184 4097 reperiri
1200 4017 1267 4077 ”hoc
1284 4023 1376 4077 trinu
1467 4011 1468 4018 '

282 4102 453 4173 temporum
470 4112 582 4181 potest,
603 4102 659 4163 nisi
674 4105 740 4181 quia
753 4103 925 4163 retrocedat
936 4103 1022 4168 ennii
1033 4104 1204 4179 quindecim
1218 4102 1259 4161 ad
1273 4116 1376 4161 annnn

176 4178 198 4228 Ρ
215 4180 268 4237 579
284 4174 395 4239 Cluiati
412 4188 511 4263 1288,
531 4196 586 4247 ent
602 4188 810 4268 progredietur
826 4188 894 4267 peri
908 4188 1005 4269 opetio
1023 4186 1230 4267 consequentis
1242 4184 1376 4266 temporit
1467 4203 1468 4208 ’

282 4280 378 4339 usque
401 4266 567 4331 adeunnm
583 4290 671 4333 aerae
687 4272 982 4351 ChristianaelitS,
1003 4277 1135 4353 querum
1152 4274 1375 4334 itemannoruu
1467 4337 1468 4366 ,
