<?xml version="1.0" encoding="UTF-8"?>
<!DOCTYPE html PUBLIC "-//W3C//DTD XHTML 1.0 Transitional//EN"
    "http://www.w3.org/TR/xhtml1/DTD/xhtml1-transitional.dtd">
<html xmlns="http://www.w3.org/1999/xhtml" xml:lang="en" lang="en">
 <head>
  <title>
</title>
<meta http-equiv="Content-Type" content="text/html;charset=utf-8" />
  <meta name='ocr-system' content='tesseract 3.04.00' />
  <meta name='ocr-capabilities' content='ocr_page ocr_carea ocr_par ocr_line ocrx_word'/>
</head>
<body>
  <div class='ocr_page' id='page_1' title='image "./corpusscriptoru69theogoog/corpusscriptoru69theogoog_0787.png"; bbox 0 0 3009 4900; ppageno 0'>
   <div class='ocr_carea' id='block_1_1' title="bbox 317 320 1113 400">
    <p class='ocr_par' dir='ltr' id='par_1_1' title="bbox 317 320 1113 400">
     <span class='ocr_line' id='line_1_1' title="bbox 317 320 1113 400; baseline -0.009 0"><span class='ocrx_word' id='word_1_1' title='bbox 317 323 393 400; x_wconf 79' lang='grc'><strong>780</strong></span> <span class='ocrx_word' id='word_1_2' title='bbox 586 383 590 390; x_wconf 95' lang='grc'><strong>.</strong></span> <span class='ocrx_word' id='word_1_3' title='bbox 617 324 855 398; x_wconf 68' lang='lat' dir='ltr'><strong>observor.</strong></span> <span class='ocrx_word' id='word_1_4' title='bbox 877 320 1113 394; x_wconf 64' lang='lat' dir='ltr'><strong>rucuma</strong></span> 
     </span>
    </p>
   </div>
   <div class='ocr_carea' id='block_1_2' title="bbox 313 489 1488 4405">
    <p class='ocr_par' dir='ltr' id='par_1_2' title="bbox 313 489 1488 1832">
     <span class='ocr_line' id='line_1_2' title="bbox 318 489 1469 576; baseline -0.002 -22"><span class='ocrx_word' id='word_1_5' title='bbox 318 501 418 576; x_wconf 76' lang='lat' dir='ltr'><strong>gutur.</strong></span> <span class='ocrx_word' id='word_1_6' title='bbox 460 492 552 553; x_wconf 87' lang='lat' dir='ltr'><strong>docet</strong></span> <span class='ocrx_word' id='word_1_7' title='bbox 562 489 595 552; x_wconf 90' lang='lat' dir='ltr'><strong>id</strong></span> <span class='ocrx_word' id='word_1_8' title='bbox 608 501 711 554; x_wconf 77' lang='lat' dir='ltr'><strong>notter</strong></span> <span class='ocrx_word' id='word_1_9' title='bbox 723 512 749 556; x_wconf 84' lang='lat' dir='ltr'><strong>c.</strong></span> <span class='ocrx_word' id='word_1_10' title='bbox 763 495 822 568; x_wconf 94' lang='grc'><strong>11,</strong></span> <span class='ocrx_word' id='word_1_11' title='bbox 841 498 961 570; x_wconf 85' lang='lat' dir='ltr'><strong>tempua</strong></span> <span class='ocrx_word' id='word_1_12' title='bbox 974 511 1038 551; x_wconf 87' lang='lat' dir='ltr'><strong>non</strong></span> <span class='ocrx_word' id='word_1_13' title='bbox 1051 489 1251 571; x_wconf 75' lang='lat' dir='ltr'><strong>exprimebat</strong></span> <span class='ocrx_word' id='word_1_14' title='bbox 1272 491 1355 552; x_wconf 72' lang='lat' dir='ltr'><strong>aed</strong></span> <span class='ocrx_word' id='word_1_15' title='bbox 1368 493 1469 552; x_wconf 85' lang='lat' dir='ltr'><strong>oolli-</strong></span> 
     </span>
     <span class='ocr_line' id='line_1_3' title="bbox 318 575 1464 660; baseline -0.004 -19"><span class='ocrx_word' id='word_1_16' title='bbox 318 581 401 660; x_wconf 77' lang='lat' dir='ltr'><strong>pitur</strong></span> <span class='ocrx_word' id='word_1_17' title='bbox 414 597 452 638; x_wconf 79' lang='lat' dir='ltr'><strong>ax</strong></span> <span class='ocrx_word' id='word_1_18' title='bbox 465 578 541 640; x_wconf 84' lang='lat' dir='ltr'><strong>aerio</strong></span> <span class='ocrx_word' id='word_1_19' title='bbox 556 587 693 639; x_wconf 88' lang='lat' dir='ltr'><strong>actorum</strong></span> <span class='ocrx_word' id='word_1_20' title='bbox 705 577 739 638; x_wconf 89' lang='lat' dir='ltr'><strong>id</strong></span> <span class='ocrx_word' id='word_1_21' title='bbox 753 587 852 638; x_wconf 90' lang='lat' dir='ltr'><strong>actum</strong></span> <span class='ocrx_word' id='word_1_22' title='bbox 866 575 922 639; x_wconf 84' lang='lat' dir='ltr'><strong>auh</strong></span> <span class='ocrx_word' id='word_1_23' title='bbox 933 577 1054 638; x_wconf 87' lang='lat' dir='ltr'><strong>initium</strong></span> <span class='ocrx_word' id='word_1_24' title='bbox 1066 577 1239 636; x_wconf 76' lang='lat' dir='ltr'>Februarii.</span> <span class='ocrx_word' id='word_1_25' title='bbox 1273 579 1464 638; x_wconf 70' lang='lat' dir='ltr'><strong>montio</strong></span> 
     </span>
     <span class='ocr_line' id='line_1_4' title="bbox 319 660 1462 742; baseline -0.003 -17"><span class='ocrx_word' id='word_1_26' title='bbox 319 663 412 726; x_wconf 91' lang='lat' dir='ltr'><strong>Vecci</strong></span> <span class='ocrx_word' id='word_1_27' title='bbox 433 684 449 724; x_wconf 87' lang='lat' dir='ltr'><strong>e</strong></span> <span class='ocrx_word' id='word_1_28' title='bbox 469 664 563 724; x_wconf 82' lang='lat' dir='ltr'><strong>Pruar</strong></span> <span class='ocrx_word' id='word_1_29' title='bbox 576 663 609 722; x_wconf 91' lang='lat' dir='ltr'><strong>in</strong></span> <span class='ocrx_word' id='word_1_30' title='bbox 626 663 731 724; x_wconf 84' lang='lat' dir='ltr'><strong>urbem</strong></span> <span class='ocrx_word' id='word_1_31' title='bbox 747 683 775 726; x_wconf 86' lang='lat' dir='ltr'><strong>c.</strong></span> <span class='ocrx_word' id='word_1_32' title='bbox 788 661 860 722; x_wconf 82' lang='lat' dir='ltr'><strong>libri</strong></span> <span class='ocrx_word' id='word_1_33' title='bbox 873 661 1003 724; x_wconf 78' lang='lat' dir='ltr'><strong>einedem</strong></span> <span class='ocrx_word' id='word_1_34' title='bbox 1022 661 1114 742; x_wconf 85' lang='lat' dir='ltr'><strong>primi</strong></span> <span class='ocrx_word' id='word_1_35' title='bbox 1126 660 1168 726; x_wconf 75' lang='lat'><strong>³4</strong></span> <span class='ocrx_word' id='word_1_36' title='bbox 1182 663 1363 724; x_wconf 79' lang='lat' dir='ltr'><strong>refertur.</strong></span> <span class='ocrx_word' id='word_1_37' title='bbox 1414 664 1462 722; x_wconf 76' lang='lat' dir='ltr'><strong>ed</strong></span> 
     </span>
     <span class='ocr_line' id='line_1_5' title="bbox 320 746 1461 830; baseline -0.002 -20"><span class='ocrx_word' id='word_1_38' title='bbox 320 750 385 811; x_wconf 89' lang='lat' dir='ltr'><strong>eiua</strong></span> <span class='ocrx_word' id='word_1_39' title='bbox 402 759 519 830; x_wconf 72' lang='lat' dir='ltr'><strong>tempus</strong></span> <span class='ocrx_word' id='word_1_40' title='bbox 533 749 728 809; x_wconf 86' lang='lat' dir='ltr'><strong>divinandum</strong></span> <span class='ocrx_word' id='word_1_41' title='bbox 747 757 804 810; x_wconf 83' lang='lat' dir='ltr'><strong>eat.</strong></span> <span class='ocrx_word' id='word_1_42' title='bbox 845 746 873 808; x_wconf 91' lang='lat' dir='ltr'><strong>ai</strong></span> <span class='ocrx_word' id='word_1_43' title='bbox 888 747 986 808; x_wconf 85' lang='lat' dir='ltr'><strong>codex</strong></span> <span class='ocrx_word' id='word_1_44' title='bbox 998 746 1136 826; x_wconf 85' lang='lat' dir='ltr'><strong>antiquar</strong></span> <span class='ocrx_word' id='word_1_45' title='bbox 1149 765 1190 807; x_wconf 81' lang='lat' dir='ltr'><strong>ex</strong></span> <span class='ocrx_word' id='word_1_46' title='bbox 1203 767 1277 826; x_wconf 80' lang='lat' dir='ltr'><strong>quo</strong></span> <span class='ocrx_word' id='word_1_47' title='bbox 1295 750 1461 810; x_wconf 75' lang='lat' dir='ltr'><strong>Sirmien-</strong></span> 
     </span>
     <span class='ocr_line' id='line_1_6' title="bbox 313 830 1461 914; baseline -0.003 -18"><span class='ocrx_word' id='word_1_48' title='bbox 313 835 379 896; x_wconf 88' lang='lat' dir='ltr'><strong>dua</strong></span> <span class='ocrx_word' id='word_1_49' title='bbox 400 843 502 896; x_wconf 72' lang='lat' dir='ltr'><strong>noster</strong></span> <span class='ocrx_word' id='word_1_50' title='bbox 523 835 597 895; x_wconf 74' lang='lat' dir='ltr'><strong>dota</strong></span> <span class='ocrx_word' id='word_1_51' title='bbox 617 832 856 914; x_wconf 70' lang='lat' dir='ltr'>pseudosynodi,</span> <span class='ocrx_word' id='word_1_52' title='bbox 877 852 937 913; x_wconf 85' lang='lat' dir='ltr'><strong>qua</strong></span> <span class='ocrx_word' id='word_1_53' title='bbox 961 842 1003 892; x_wconf 88' lang='lat' dir='ltr'><strong>eat</strong></span> <span class='ocrx_word' id='word_1_54' title='bbox 1023 841 1094 912; x_wconf 88' lang='lat' dir='ltr'><strong>poat</strong></span> <span class='ocrx_word' id='word_1_55' title='bbox 1114 830 1331 910; x_wconf 78' lang='lat' dir='ltr'><strong>colloquium</strong></span> <span class='ocrx_word' id='word_1_56' title='bbox 1358 836 1461 914; x_wconf 78' lang='lat' dir='ltr'><strong>cap&#39;ue</strong></span> 
     </span>
     <span class='ocr_line' id='line_1_7' title="bbox 321 909 1487 996; baseline -0.002 -16"><span class='ocrx_word' id='word_1_57' title='bbox 321 918 413 981; x_wconf 81' lang='lat' dir='ltr'><strong>lruine</strong></span> <span class='ocrx_word' id='word_1_58' title='bbox 437 919 510 980; x_wconf 82' lang='lat' dir='ltr'><strong>libri</strong></span> <span class='ocrx_word' id='word_1_59' title='bbox 531 924 546 982; x_wconf 91' lang='lat'><strong>1</strong></span> <span class='ocrx_word' id='word_1_60' title='bbox 572 921 613 986; x_wconf 76' lang='lat'><strong>36</strong></span> <span class='ocrx_word' id='word_1_61' title='bbox 633 919 762 979; x_wconf 85' lang='lat' dir='ltr'><strong>relatum</strong></span> <span class='ocrx_word' id='word_1_62' title='bbox 784 917 942 978; x_wconf 76' lang='lat' dir='ltr'><strong>damnetur</strong></span> <span class='ocrx_word' id='word_1_63' title='bbox 961 909 1093 993; x_wconf 72' lang='lat' dir='ltr'><strong>vaccua,</strong></span> <span class='ocrx_word' id='word_1_64' title='bbox 1119 935 1259 996; x_wconf 83' lang='lat' dir='ltr'><strong>quorum</strong></span> <span class='ocrx_word' id='word_1_65' title='bbox 1283 917 1456 980; x_wconf 78' lang='lat' dir='ltr'><strong>Actorua</strong></span> <span class='ocrx_word' id='word_1_66' title='bbox 1486 960 1487 971; x_wconf 51' lang='grc'><strong>.</strong></span> 
     </span>
     <span class='ocr_line' id='line_1_8' title="bbox 323 976 1487 1086; baseline -0.006 -20"><span class='ocrx_word' id='word_1_67' title='bbox 323 1003 492 1086; x_wconf 78' lang='lat' dir='ltr'><strong>apographa</strong></span> <span class='ocrx_word' id='word_1_68' title='bbox 513 1003 595 1064; x_wconf 85' lang='lat' dir='ltr'><strong>miait</strong></span> <span class='ocrx_word' id='word_1_69' title='bbox 613 1003 653 1063; x_wconf 87' lang='lat' dir='ltr'><strong>ad</strong></span> <span class='ocrx_word' id='word_1_70' title='bbox 671 1002 834 1064; x_wconf 88' lang='lat' dir='ltr'><strong>lienricum</strong></span> <span class='ocrx_word' id='word_1_71' title='bbox 848 1002 1044 1082; x_wconf 80' lang='lat' dir='ltr'><strong>Spondrnum</strong></span> <span class='ocrx_word' id='word_1_72' title='bbox 1061 1009 1092 1062; x_wconf 92' lang='lat' dir='ltr'><strong>et</strong></span> <span class='ocrx_word' id='word_1_73' title='bbox 1104 1003 1143 1061; x_wconf 88' lang='lat' dir='ltr'><strong>ad</strong></span> <span class='ocrx_word' id='word_1_74' title='bbox 1157 1001 1358 1064; x_wconf 82' lang='lat' dir='ltr'><strong>Odoricmraa</strong></span> <span class='ocrx_word' id='word_1_75' title='bbox 1376 1005 1457 1083; x_wconf 72' lang='lat' dir='ltr'><strong>flay-</strong></span> <span class='ocrx_word' id='word_1_76' title='bbox 1486 976 1487 1059; x_wconf 75' lang='lat' dir='ltr'><strong>l</strong></span> 
     </span>
     <span class='ocr_line' id='line_1_9' title="bbox 322 1076 1488 1193; baseline -0.002 -41"><span class='ocrx_word' id='word_1_77' title='bbox 322 1090 447 1152; x_wconf 89' lang='lat' dir='ltr'><strong>naldum</strong></span> <span class='ocrx_word' id='word_1_78' title='bbox 461 1089 683 1175; x_wconf 82' lang='lat' dir='ltr'><strong>continuatorea</strong></span> <span class='ocrx_word' id='word_1_79' title='bbox 695 1087 859 1148; x_wconf 74' lang='lat' dir='ltr'><strong>Annalium</strong></span> <span class='ocrx_word' id='word_1_80' title='bbox 869 1087 999 1164; x_wconf 73' lang='lat' dir='ltr'><strong>baronii,</strong></span> <span class='ocrx_word' id='word_1_81' title='bbox 1013 1095 1050 1148; x_wconf 92' lang='lat' dir='ltr'><strong>ut</strong></span> <span class='ocrx_word' id='word_1_82' title='bbox 1059 1085 1183 1146; x_wconf 90' lang='lat' dir='ltr'><strong>illorum</strong></span> <span class='ocrx_word' id='word_1_83' title='bbox 1195 1095 1352 1168; x_wconf 66' lang='lat' dir='ltr'><strong>uterque</strong></span> <span class='ocrx_word' id='word_1_84' title='bbox 1366 1099 1457 1150; x_wconf 71' lang='lat' dir='ltr'><strong>emo</strong></span> <span class='ocrx_word' id='word_1_85' title='bbox 1486 1076 1488 1193; x_wconf 54' lang='lat' dir='ltr'><strong>l</strong></span> 
     </span>
     <span class='ocr_line' id='line_1_10' title="bbox 323 1171 1456 1260; baseline -0.007 -24"><span class='ocrx_word' id='word_1_86' title='bbox 323 1185 392 1253; x_wconf 84' lang='lat' dir='ltr'><strong>tur,</strong></span> <span class='ocrx_word' id='word_1_87' title='bbox 413 1174 497 1260; x_wconf 82' lang='lat' dir='ltr'><strong>prior</strong></span> <span class='ocrx_word' id='word_1_88' title='bbox 511 1195 589 1234; x_wconf 89' lang='lat' dir='ltr'><strong>anno</strong></span> <span class='ocrx_word' id='word_1_89' title='bbox 601 1171 712 1234; x_wconf 70' lang='lat' dir='ltr'><strong>cumei</strong></span> <span class='ocrx_word' id='word_1_90' title='bbox 726 1177 807 1238; x_wconf 70' lang='lat'><strong>128³</strong></span> <span class='ocrx_word' id='word_1_91' title='bbox 820 1193 852 1235; x_wconf 84' lang='lat' dir='ltr'><strong>u·</strong></span> <span class='ocrx_word' id='word_1_92' title='bbox 868 1177 926 1250; x_wconf 88' lang='grc'><strong>10,</strong></span> <span class='ocrx_word' id='word_1_93' title='bbox 948 1171 1159 1254; x_wconf 81' lang='lat' dir='ltr'><strong>porteriorau.</strong></span> <span class='ocrx_word' id='word_1_94' title='bbox 1171 1191 1239 1251; x_wconf 82' lang='lat' dir='ltr'><strong>aeq.</strong></span> <span class='ocrx_word' id='word_1_95' title='bbox 1256 1193 1297 1233; x_wconf 87' lang='lat' dir='ltr'><strong>n.</strong></span> <span class='ocrx_word' id='word_1_96' title='bbox 1309 1177 1373 1240; x_wconf 77' lang='lat'><strong>48</strong></span> <span class='ocrx_word' id='word_1_97' title='bbox 1382 1221 1396 1251; x_wconf 85' lang='lat'>‚</span> <span class='ocrx_word' id='word_1_98' title='bbox 1419 1209 1456 1220; x_wconf 91' lang='lat'>-</span> 
     </span>
     <span class='ocr_line' id='line_1_11' title="bbox 322 1257 1457 1340; baseline -0.003 -20"><span class='ocrx_word' id='word_1_99' title='bbox 322 1259 349 1320; x_wconf 90' lang='lat' dir='ltr'><strong>ai</strong></span> <span class='ocrx_word' id='word_1_100' title='bbox 373 1261 482 1335; x_wconf 84' lang='lat' dir='ltr'><strong>codex,</strong></span> <span class='ocrx_word' id='word_1_101' title='bbox 504 1259 642 1339; x_wconf 86' lang='lat' dir='ltr'><strong>inquam,</strong></span> <span class='ocrx_word' id='word_1_102' title='bbox 664 1257 716 1318; x_wconf 88' lang='lat' dir='ltr'><strong>illc</strong></span> <span class='ocrx_word' id='word_1_103' title='bbox 727 1259 842 1336; x_wconf 75' lang='lat' dir='ltr'><strong>integer</strong></span> <span class='ocrx_word' id='word_1_104' title='bbox 855 1259 978 1334; x_wconf 84' lang='lat' dir='ltr'><strong>iuiaaet,</strong></span> <span class='ocrx_word' id='word_1_105' title='bbox 997 1257 1175 1318; x_wconf 70' lang='lat' dir='ltr'><strong>haberemus</strong></span> <span class='ocrx_word' id='word_1_106' title='bbox 1188 1277 1229 1317; x_wconf 84' lang='lat' dir='ltr'><strong>ax</strong></span> <span class='ocrx_word' id='word_1_107' title='bbox 1242 1277 1288 1317; x_wconf 87' lang='lat' dir='ltr'><strong>eo</strong></span> <span class='ocrx_word' id='word_1_108' title='bbox 1304 1268 1457 1340; x_wconf 72' lang='lat' dir='ltr'><strong>tempas,</strong></span> 
     </span>
     <span class='ocr_line' id='line_1_12' title="bbox 322 1341 1488 1423; baseline -0.002 -19"><span class='ocrx_word' id='word_1_109' title='bbox 322 1342 384 1404; x_wconf 86' lang='lat' dir='ltr'><strong>lroc</strong></span> <span class='ocrx_word' id='word_1_110' title='bbox 400 1353 444 1404; x_wconf 86' lang='lat' dir='ltr'><strong>eat</strong></span> <span class='ocrx_word' id='word_1_111' title='bbox 462 1343 540 1404; x_wconf 89' lang='lat' dir='ltr'><strong>diem</strong></span> <span class='ocrx_word' id='word_1_112' title='bbox 558 1353 588 1403; x_wconf 90' lang='lat' dir='ltr'><strong>et</strong></span> <span class='ocrx_word' id='word_1_113' title='bbox 601 1363 749 1420; x_wconf 88' lang='lat' dir='ltr'><strong>manaem,</strong></span> <span class='ocrx_word' id='word_1_114' title='bbox 772 1344 937 1404; x_wconf 72' lang='lat' dir='ltr'><strong>celebratae</strong></span> <span class='ocrx_word' id='word_1_115' title='bbox 948 1341 1036 1404; x_wconf 80' lang='lat' dir='ltr'><strong>inim</strong></span> <span class='ocrx_word' id='word_1_116' title='bbox 1050 1341 1178 1422; x_wconf 78' lang='lat' dir='ltr'><strong>aynndi,</strong></span> <span class='ocrx_word' id='word_1_117' title='bbox 1201 1361 1291 1421; x_wconf 76' lang='lat' dir='ltr'><strong>quae</strong></span> <span class='ocrx_word' id='word_1_118' title='bbox 1302 1347 1455 1404; x_wconf 68' lang='lat' dir='ltr'><strong>atatim:</strong></span> <span class='ocrx_word' id='word_1_119' title='bbox 1487 1404 1488 1423; x_wconf 44' lang='grc'><strong>,</strong></span> 
     </span>
     <span class='ocr_line' id='line_1_13' title="bbox 322 1426 1456 1509; baseline 0.002 -21"><span class='ocrx_word' id='word_1_120' title='bbox 322 1427 413 1488; x_wconf 78' lang='lat' dir='ltr'><strong>vecci</strong></span> <span class='ocrx_word' id='word_1_121' title='bbox 429 1429 622 1489; x_wconf 73' lang='lat' dir='ltr'><strong>revocatione</strong></span> <span class='ocrx_word' id='word_1_122' title='bbox 642 1427 934 1509; x_wconf 83' lang='lat' dir='ltr'><strong>Conatantinopolim</strong></span> <span class='ocrx_word' id='word_1_123' title='bbox 946 1447 964 1488; x_wconf 90' lang='lat' dir='ltr'><strong>a</strong></span> <span class='ocrx_word' id='word_1_124' title='bbox 976 1428 1070 1488; x_wconf 87' lang='lat' dir='ltr'><strong>Pruaa</strong></span> <span class='ocrx_word' id='word_1_125' title='bbox 1084 1436 1128 1487; x_wconf 81' lang='lat' dir='ltr'><strong>eat</strong></span> <span class='ocrx_word' id='word_1_126' title='bbox 1140 1426 1263 1504; x_wconf 84' lang='lat' dir='ltr'><strong>habita,</strong></span> <span class='ocrx_word' id='word_1_127' title='bbox 1288 1431 1396 1490; x_wconf 84' lang='lat' dir='ltr'><strong>uude</strong></span> <span class='ocrx_word' id='word_1_128' title='bbox 1410 1433 1456 1489; x_wconf 86' lang='lat' dir='ltr'><strong>in·</strong></span> 
     </span>
     <span class='ocr_line' id='line_1_14' title="bbox 321 1512 1453 1595; baseline 0.001 -22"><span class='ocrx_word' id='word_1_129' title='bbox 321 1513 522 1592; x_wconf 81' lang='lat' dir='ltr'><strong>telligeremua</strong></span> <span class='ocrx_word' id='word_1_130' title='bbox 541 1534 601 1594; x_wconf 88' lang='lat' dir='ltr'><strong>quo</strong></span> <span class='ocrx_word' id='word_1_131' title='bbox 621 1534 722 1574; x_wconf 85' lang='lat' dir='ltr'><strong>menae</strong></span> <span class='ocrx_word' id='word_1_132' title='bbox 743 1513 815 1576; x_wconf 85' lang='lat' dir='ltr'><strong>trlia</strong></span> <span class='ocrx_word' id='word_1_133' title='bbox 833 1514 866 1574; x_wconf 91' lang='lat' dir='ltr'><strong>in</strong></span> <span class='ocrx_word' id='word_1_134' title='bbox 886 1512 991 1574; x_wconf 85' lang='lat' dir='ltr'><strong>urbem</strong></span> <span class='ocrx_word' id='word_1_135' title='bbox 1013 1513 1106 1572; x_wconf 85' lang='lat' dir='ltr'><strong>Vacci</strong></span> <span class='ocrx_word' id='word_1_136' title='bbox 1122 1512 1237 1572; x_wconf 83' lang='lat' dir='ltr'><strong>reditua</strong></span> <span class='ocrx_word' id='word_1_137' title='bbox 1252 1515 1453 1595; x_wconf 74' lang='lat' dir='ltr'><strong>contigerit</strong></span> 
     </span>
     <span class='ocr_line' id='line_1_15' title="bbox 322 1597 1454 1680; baseline 0.002 -22"><span class='ocrx_word' id='word_1_138' title='bbox 322 1597 377 1658; x_wconf 88' lang='lat' dir='ltr'><strong>aed</strong></span> <span class='ocrx_word' id='word_1_139' title='bbox 397 1608 433 1659; x_wconf 92' lang='lat' dir='ltr'><strong>ut</strong></span> <span class='ocrx_word' id='word_1_140' title='bbox 454 1598 594 1660; x_wconf 80' lang='lat' dir='ltr'><strong>obaervat</strong></span> <span class='ocrx_word' id='word_1_141' title='bbox 614 1599 811 1680; x_wconf 82' lang='lat' dir='ltr'><strong>Spondanua,</strong></span> <span class='ocrx_word' id='word_1_142' title='bbox 831 1598 939 1660; x_wconf 66' lang='lat' dir='ltr'><strong>titulus</strong></span> <span class='ocrx_word' id='word_1_143' title='bbox 960 1597 1086 1678; x_wconf 75' lang='lat' dir='ltr'><strong>synodi,</strong></span> <span class='ocrx_word' id='word_1_144' title='bbox 1107 1597 1215 1677; x_wconf 84' lang='lat' dir='ltr'><strong>inquo</strong></span> <span class='ocrx_word' id='word_1_145' title='bbox 1229 1606 1372 1677; x_wconf 82' lang='lat' dir='ltr'><strong>tempera</strong></span> <span class='ocrx_word' id='word_1_146' title='bbox 1386 1603 1454 1660; x_wconf 86' lang='lat' dir='ltr'><strong>eiua</strong></span> 
     </span>
     <span class='ocr_line' id='line_1_16' title="bbox 323 1683 1453 1772; baseline 0.003 -28"><span class='ocrx_word' id='word_1_147' title='bbox 323 1692 357 1744; x_wconf 84' lang='lat' dir='ltr'><strong>et</strong></span> <span class='ocrx_word' id='word_1_148' title='bbox 377 1683 464 1744; x_wconf 77' lang='lat' dir='ltr'><strong>locui</strong></span> <span class='ocrx_word' id='word_1_149' title='bbox 483 1683 689 1772; x_wconf 47' lang='lat' dir='ltr'><strong>reririnriliterx</strong></span> <span class='ocrx_word' id='word_1_150' title='bbox 703 1693 807 1746; x_wconf 77' lang='lat' dir='ltr'><strong>nauta</strong></span> <span class='ocrx_word' id='word_1_151' title='bbox 826 1685 961 1761; x_wconf 85' lang='lat' dir='ltr'><strong>fuerant,</strong></span> <span class='ocrx_word' id='word_1_152' title='bbox 982 1701 1089 1764; x_wconf 78' lang='lat' dir='ltr'><strong>magna</strong></span> <span class='ocrx_word' id='word_1_153' title='bbox 1102 1701 1141 1742; x_wconf 83' lang='lat' dir='ltr'><strong>ea</strong></span> <span class='ocrx_word' id='word_1_154' title='bbox 1154 1691 1244 1765; x_wconf 81' lang='lat' dir='ltr'><strong>parte</strong></span> <span class='ocrx_word' id='word_1_155' title='bbox 1267 1685 1453 1747; x_wconf 70' lang='lat' dir='ltr'><strong>oblitu-ata</strong></span> 
     </span>
     <span class='ocr_line' id='line_1_17' title="bbox 325 1769 800 1832; baseline 0.004 -2"><span class='ocrx_word' id='word_1_156' title='bbox 325 1769 359 1830; x_wconf 87' lang='lat' dir='ltr'><strong>in</strong></span> <span class='ocrx_word' id='word_1_157' title='bbox 374 1789 411 1830; x_wconf 93' lang='lat' dir='ltr'><strong>eo</strong></span> <span class='ocrx_word' id='word_1_158' title='bbox 425 1769 531 1830; x_wconf 87' lang='lat' dir='ltr'><strong>codice</strong></span> <span class='ocrx_word' id='word_1_159' title='bbox 544 1771 637 1832; x_wconf 84' lang='lat' dir='ltr'><strong>luere.</strong></span> <span class='ocrx_word' id='word_1_160' title='bbox 796 1785 800 1794; x_wconf 90' lang='grc'><em>“</em></span> 
     </span>
    </p>

    <p class='ocr_par' dir='ltr' id='par_1_3' title="bbox 321 1851 1449 3125">
     <span class='ocr_line' id='line_1_18' title="bbox 411 1851 1449 1934; baseline -0.005 -20"><span class='ocrx_word' id='word_1_161' title='bbox 411 1855 462 1916; x_wconf 87' lang='lat' dir='ltr'><strong>lV.</strong></span> <span class='ocrx_word' id='word_1_162' title='bbox 503 1857 606 1916; x_wconf 82' lang='lat' dir='ltr'><strong>lieetat</strong></span> <span class='ocrx_word' id='word_1_163' title='bbox 619 1873 690 1933; x_wconf 82' lang='lat' dir='ltr'><strong>ergo</strong></span> <span class='ocrx_word' id='word_1_164' title='bbox 703 1852 753 1913; x_wconf 84' lang='lat' dir='ltr'><strong>via</strong></span> <span class='ocrx_word' id='word_1_165' title='bbox 767 1852 857 1914; x_wconf 87' lang='lat' dir='ltr'><strong>unica</strong></span> <span class='ocrx_word' id='word_1_166' title='bbox 868 1851 1032 1932; x_wconf 81' lang='lat' dir='ltr'><strong>indagandi</strong></span> <span class='ocrx_word' id='word_1_167' title='bbox 1044 1851 1112 1919; x_wconf 79' lang='lat' dir='ltr'><strong>daia</strong></span> <span class='ocrx_word' id='word_1_168' title='bbox 1127 1851 1229 1927; x_wconf 83' lang='lat' dir='ltr'><strong>exilii,</strong></span> <span class='ocrx_word' id='word_1_169' title='bbox 1249 1855 1348 1934; x_wconf 75' lang='lat' dir='ltr'><strong>quod</strong></span> <span class='ocrx_word' id='word_1_170' title='bbox 1363 1855 1449 1916; x_wconf 72' lang='lat' dir='ltr'><strong>vec.</strong></span> 
     </span>
     <span class='ocr_line' id='line_1_19' title="bbox 327 1937 1447 2020; baseline 0 -20"><span class='ocrx_word' id='word_1_171' title='bbox 327 1959 382 2000; x_wconf 80' lang='lat' dir='ltr'><strong>cuo</strong></span> <span class='ocrx_word' id='word_1_172' title='bbox 398 1941 481 2020; x_wconf 90' lang='lat' dir='ltr'><strong>apud</strong></span> <span class='ocrx_word' id='word_1_173' title='bbox 495 1940 599 2000; x_wconf 88' lang='lat' dir='ltr'><strong>urbem</strong></span> <span class='ocrx_word' id='word_1_174' title='bbox 613 1941 735 2000; x_wconf 81' lang='lat' dir='ltr'><strong>Pruram</strong></span> <span class='ocrx_word' id='word_1_175' title='bbox 752 1937 895 2017; x_wconf 89' lang='lat' dir='ltr'><strong>pertulit,</strong></span> <span class='ocrx_word' id='word_1_176' title='bbox 916 1957 956 1998; x_wconf 86' lang='lat' dir='ltr'><strong>ex</strong></span> <span class='ocrx_word' id='word_1_177' title='bbox 968 1938 1044 1998; x_wconf 85' lang='lat' dir='ltr'><strong>aeria</strong></span> <span class='ocrx_word' id='word_1_178' title='bbox 1057 1959 1161 1998; x_wconf 85' lang='lat' dir='ltr'><strong>aarum</strong></span> <span class='ocrx_word' id='word_1_179' title='bbox 1174 1958 1253 2017; x_wconf 90' lang='lat' dir='ltr'><strong>quae</strong></span> <span class='ocrx_word' id='word_1_180' title='bbox 1265 1940 1359 2000; x_wconf 86' lang='lat' dir='ltr'><strong>inter</strong></span> <span class='ocrx_word' id='word_1_181' title='bbox 1376 1943 1447 2000; x_wconf 89' lang='lat' dir='ltr'><strong>eiua</strong></span> 
     </span>
     <span class='ocr_line' id='line_1_20' title="bbox 326 2023 1445 2104; baseline 0 -20"><span class='ocrx_word' id='word_1_182' title='bbox 326 2023 539 2085; x_wconf 86' lang='lat' dir='ltr'><strong>abductionem</strong></span> <span class='ocrx_word' id='word_1_183' title='bbox 548 2023 633 2084; x_wconf 77' lang='lat' dir='ltr'><strong>illuc</strong></span> <span class='ocrx_word' id='word_1_184' title='bbox 646 2034 678 2084; x_wconf 83' lang='lat' dir='ltr'><strong>et</strong></span> <span class='ocrx_word' id='word_1_185' title='bbox 688 2023 875 2104; x_wconf 75' lang='lat' dir='ltr'><strong>postliminio</strong></span> <span class='ocrx_word' id='word_1_186' title='bbox 891 2024 1101 2084; x_wconf 82' lang='lat' dir='ltr'><strong>retractionem</strong></span> <span class='ocrx_word' id='word_1_187' title='bbox 1113 2023 1321 2085; x_wconf 78' lang='lat' dir='ltr'><strong>intervenirae</strong></span> <span class='ocrx_word' id='word_1_188' title='bbox 1334 2025 1382 2084; x_wconf 86' lang='lat' dir='ltr'><strong>ab</strong></span> <span class='ocrx_word' id='word_1_189' title='bbox 1396 2026 1445 2084; x_wconf 78' lang='lat' dir='ltr'><strong>lu·-</strong></span> 
     </span>
     <span class='ocr_line' id='line_1_21' title="bbox 325 2107 1444 2189; baseline -0.001 -19"><span class='ocrx_word' id='word_1_190' title='bbox 325 2111 437 2171; x_wconf 86' lang='lat' dir='ltr'><strong>atorico</strong></span> <span class='ocrx_word' id='word_1_191' title='bbox 459 2121 564 2172; x_wconf 84' lang='lat' dir='ltr'><strong>uoatro</strong></span> <span class='ocrx_word' id='word_1_192' title='bbox 585 2117 796 2178; x_wconf 87' lang='lat' dir='ltr'><strong>memorantur.</strong></span> <span class='ocrx_word' id='word_1_193' title='bbox 838 2118 911 2170; x_wconf 85' lang='lat' dir='ltr'><strong>aunt</strong></span> <span class='ocrx_word' id='word_1_194' title='bbox 927 2128 978 2168; x_wconf 89' lang='lat' dir='ltr'><strong>eae</strong></span> <span class='ocrx_word' id='word_1_195' title='bbox 998 2129 1081 2168; x_wconf 87' lang='lat' dir='ltr'><strong>mora</strong></span> <span class='ocrx_word' id='word_1_196' title='bbox 1097 2107 1220 2189; x_wconf 82' lang='lat' dir='ltr'><strong>loaeplri</strong></span> <span class='ocrx_word' id='word_1_197' title='bbox 1234 2131 1263 2169; x_wconf 90' lang='lat' dir='ltr'><strong>c.</strong></span> <span class='ocrx_word' id='word_1_198' title='bbox 1277 2113 1341 2187; x_wconf 85' lang='grc'><strong>18,</strong></span> <span class='ocrx_word' id='word_1_199' title='bbox 1367 2133 1444 2172; x_wconf 83' lang='lat' dir='ltr'><strong>eve·</strong></span> 
     </span>
     <span class='ocr_line' id='line_1_22' title="bbox 325 2193 1439 2278; baseline 0.004 -23"><span class='ocrx_word' id='word_1_200' title='bbox 325 2196 388 2256; x_wconf 86' lang='lat' dir='ltr'><strong>ctio</strong></span> <span class='ocrx_word' id='word_1_201' title='bbox 409 2197 442 2256; x_wconf 87' lang='lat' dir='ltr'><strong>iu</strong></span> <span class='ocrx_word' id='word_1_202' title='bbox 466 2195 702 2278; x_wconf 86' lang='lat' dir='ltr'><strong>patriarchatum</strong></span> <span class='ocrx_word' id='word_1_203' title='bbox 724 2193 846 2272; x_wconf 74' lang='lat' dir='ltr'><strong>Georgii</strong></span> <span class='ocrx_word' id='word_1_204' title='bbox 864 2195 929 2255; x_wconf 82' lang='lat' dir='ltr'><strong>aive</strong></span> <span class='ocrx_word' id='word_1_205' title='bbox 951 2193 1089 2272; x_wconf 80' lang='lat' dir='ltr'><strong>Gregorii</strong></span> <span class='ocrx_word' id='word_1_206' title='bbox 1109 2195 1217 2276; x_wconf 77' lang='lat' dir='ltr'><strong>Cyprii</strong></span> <span class='ocrx_word' id='word_1_207' title='bbox 1232 2215 1263 2255; x_wconf 84' lang='lat' dir='ltr'><strong>c.</strong></span> <span class='ocrx_word' id='word_1_208' title='bbox 1278 2195 1325 2260; x_wconf 77' lang='lat'><strong>14</strong></span> <span class='ocrx_word' id='word_1_209' title='bbox 1337 2205 1374 2256; x_wconf 90' lang='lat' dir='ltr'><strong>et</strong></span> <span class='ocrx_word' id='word_1_210' title='bbox 1390 2199 1439 2272; x_wconf 80' lang='lat'><strong>15,</strong></span> 
     </span>
     <span class='ocr_line' id='line_1_23' title="bbox 324 2279 1438 2362; baseline 0 -22"><span class='ocrx_word' id='word_1_211' title='bbox 324 2283 475 2360; x_wconf 80' lang='lat' dir='ltr'><strong>profectio</strong></span> <span class='ocrx_word' id='word_1_212' title='bbox 497 2282 685 2362; x_wconf 72' lang='lat' dir='ltr'><strong>imperatorie</strong></span> <span class='ocrx_word' id='word_1_213' title='bbox 704 2279 736 2339; x_wconf 90' lang='lat' dir='ltr'><strong>in</strong></span> <span class='ocrx_word' id='word_1_214' title='bbox 753 2280 907 2342; x_wconf 81' lang='lat' dir='ltr'><strong>Orientem</strong></span> <span class='ocrx_word' id='word_1_215' title='bbox 921 2298 949 2340; x_wconf 89' lang='lat' dir='ltr'><strong>c.</strong></span> <span class='ocrx_word' id='word_1_216' title='bbox 965 2282 1024 2356; x_wconf 82' lang='lat'><strong>21,</strong></span> <span class='ocrx_word' id='word_1_217' title='bbox 1045 2287 1078 2338; x_wconf 87' lang='lat' dir='ltr'><strong>et</strong></span> <span class='ocrx_word' id='word_1_218' title='bbox 1094 2280 1317 2340; x_wconf 77' lang='lat' dir='ltr'><strong>conventione·</strong></span> <span class='ocrx_word' id='word_1_219' title='bbox 1333 2281 1438 2340; x_wconf 72' lang='lat' dir='ltr'><strong>Adra-</strong></span> 
     </span>
     <span class='ocr_line' id='line_1_24' title="bbox 323 2363 1436 2445; baseline 0.003 -23"><span class='ocrx_word' id='word_1_220' title='bbox 323 2365 413 2443; x_wconf 87' lang='lat' dir='ltr'><strong>mytii</strong></span> <span class='ocrx_word' id='word_1_221' title='bbox 436 2363 610 2444; x_wconf 79' lang='lat' dir='ltr'><strong>perignem</strong></span> <span class='ocrx_word' id='word_1_222' title='bbox 637 2364 756 2426; x_wconf 86' lang='lat' dir='ltr'><strong>habitae</strong></span> <span class='ocrx_word' id='word_1_223' title='bbox 777 2365 900 2426; x_wconf 85' lang='lat' dir='ltr'><strong>aabbato</strong></span> <span class='ocrx_word' id='word_1_224' title='bbox 925 2363 993 2445; x_wconf 80' lang='lat' dir='ltr'><strong>ipen</strong></span> <span class='ocrx_word' id='word_1_225' title='bbox 1016 2374 1123 2425; x_wconf 80' lang='lat' dir='ltr'><strong>arneto</strong></span> <span class='ocrx_word' id='word_1_226' title='bbox 1149 2364 1251 2445; x_wconf 85' lang='lat' dir='ltr'><strong>pridie</strong></span> <span class='ocrx_word' id='word_1_227' title='bbox 1279 2363 1436 2440; x_wconf 88' lang='lat' dir='ltr'><strong>Paaclrae,</strong></span> 
     </span>
     <span class='ocr_line' id='line_1_25' title="bbox 323 2447 1434 2531; baseline 0 -24"><span class='ocrx_word' id='word_1_228' title='bbox 323 2457 359 2507; x_wconf 87' lang='lat' dir='ltr'><strong>ut</strong></span> <span class='ocrx_word' id='word_1_229' title='bbox 381 2470 412 2527; x_wconf 86' lang='lat' dir='ltr'><strong>p.</strong></span> <span class='ocrx_word' id='word_1_230' title='bbox 435 2454 477 2513; x_wconf 78' lang='grc'><strong>68</strong></span> <span class='ocrx_word' id='word_1_231' title='bbox 498 2468 527 2509; x_wconf 74' lang='grc' dir='ltr'><strong>ν.</strong></span> <span class='ocrx_word' id='word_1_232' title='bbox 551 2456 592 2515; x_wconf 87' lang='grc'><strong>17</strong></span> <span class='ocrx_word' id='word_1_233' title='bbox 614 2470 756 2531; x_wconf 81' lang='lat' dir='ltr'><strong>expreaae</strong></span> <span class='ocrx_word' id='word_1_234' title='bbox 773 2451 894 2511; x_wconf 86' lang='lat' dir='ltr'><strong>dicitur.</strong></span> <span class='ocrx_word' id='word_1_235' title='bbox 944 2448 1073 2511; x_wconf 79' lang='lat' dir='ltr'><strong>fuitbic</strong></span> <span class='ocrx_word' id='word_1_236' title='bbox 1092 2447 1434 2517; x_wconf 76' lang='lat' dir='ltr'><strong>annuaClrriati1283</strong></span> 
     </span>
     <span class='ocr_line' id='line_1_26' title="bbox 321 2530 1434 2615; baseline -0.003 -16"><span class='ocrx_word' id='word_1_237' title='bbox 321 2530 356 2589; x_wconf 85' lang='lat' dir='ltr'><strong>in</strong></span> <span class='ocrx_word' id='word_1_238' title='bbox 377 2530 503 2611; x_wconf 80' lang='lat' dir='ltr'><strong>periodo</strong></span> <span class='ocrx_word' id='word_1_239' title='bbox 521 2532 637 2592; x_wconf 80' lang='lat' dir='ltr'><strong>loliano</strong></span> <span class='ocrx_word' id='word_1_240' title='bbox 658 2536 752 2600; x_wconf 82' lang='lat'><strong>5996.</strong></span> <span class='ocrx_word' id='word_1_241' title='bbox 786 2534 954 2595; x_wconf 80' lang='lat' dir='ltr'><strong>numemit</strong></span> <span class='ocrx_word' id='word_1_242' title='bbox 974 2536 1096 2615; x_wconf 80' lang='lat' dir='ltr'><strong>cyclum</strong></span> <span class='ocrx_word' id='word_1_243' title='bbox 1113 2535 1183 2594; x_wconf 73' lang='lat' dir='ltr'><strong>solia</strong></span> <span class='ocrx_word' id='word_1_244' title='bbox 1198 2532 1238 2608; x_wconf 80' lang='grc'><strong>1,</strong></span> <span class='ocrx_word' id='word_1_245' title='bbox 1259 2532 1359 2593; x_wconf 80' lang='lat' dir='ltr'><strong>lunae</strong></span> <span class='ocrx_word' id='word_1_246' title='bbox 1374 2556 1434 2596; x_wconf 82' lang='lat' dir='ltr'><strong>aa.</strong></span> 
     </span>
     <span class='ocr_line' id='line_1_27' title="bbox 322 2614 1434 2701; baseline 0.004 -26"><span class='ocrx_word' id='word_1_247' title='bbox 322 2626 385 2675; x_wconf 85' lang='lat' dir='ltr'><strong>tem</strong></span> <span class='ocrx_word' id='word_1_248' title='bbox 410 2620 462 2692; x_wconf 93' lang='grc'><strong>11,</strong></span> <span class='ocrx_word' id='word_1_249' title='bbox 483 2616 537 2696; x_wconf 89' lang='lat' dir='ltr'><strong>qui</strong></span> <span class='ocrx_word' id='word_1_250' title='bbox 555 2616 667 2677; x_wconf 88' lang='lat' dir='ltr'><strong>Paacha</strong></span> <span class='ocrx_word' id='word_1_251' title='bbox 688 2614 840 2695; x_wconf 79' lang='lat' dir='ltr'><strong>aaaignant</strong></span> <span class='ocrx_word' id='word_1_252' title='bbox 860 2620 976 2701; x_wconf 68' lang='lat' dir='ltr'><strong>Aprilis</strong></span> <span class='ocrx_word' id='word_1_253' title='bbox 994 2626 1044 2687; x_wconf 94' lang='grc'><strong>18.</strong></span> <span class='ocrx_word' id='word_1_254' title='bbox 1084 2620 1142 2679; x_wconf 85' lang='lat' dir='ltr'><strong>suit</strong></span> <span class='ocrx_word' id='word_1_255' title='bbox 1165 2636 1234 2694; x_wconf 74' lang='lat' dir='ltr'><strong>ergo</strong></span> <span class='ocrx_word' id='word_1_256' title='bbox 1256 2616 1338 2692; x_wconf 81' lang='lat' dir='ltr'><strong>dier,</strong></span> <span class='ocrx_word' id='word_1_257' title='bbox 1360 2640 1434 2696; x_wconf 86' lang='lat' dir='ltr'><strong>qua</strong></span> 
     </span>
     <span class='ocr_line' id='line_1_28' title="bbox 325 2700 1429 2784; baseline 0.001 -23"><span class='ocrx_word' id='word_1_258' title='bbox 325 2700 559 2763; x_wconf 76' lang='lat' dir='ltr'><strong>Araunianorum</strong></span> <span class='ocrx_word' id='word_1_259' title='bbox 579 2712 610 2765; x_wconf 86' lang='lat' dir='ltr'><strong>ct</strong></span> <span class='ocrx_word' id='word_1_260' title='bbox 628 2702 951 2766; x_wconf 74' lang='lat' dir='ltr'><strong>Anti-Aroanianorum</strong></span> <span class='ocrx_word' id='word_1_261' title='bbox 970 2715 1161 2784; x_wconf 85' lang='lat' dir='ltr'><strong>utrorumque</strong></span> <span class='ocrx_word' id='word_1_262' title='bbox 1173 2720 1318 2779; x_wconf 80' lang='lat' dir='ltr'><strong>exaequo</strong></span> <span class='ocrx_word' id='word_1_263' title='bbox 1331 2700 1429 2762; x_wconf 86' lang='lat' dir='ltr'><strong>aelai-</strong></span> 
     </span>
     <span class='ocr_line' id='line_1_29' title="bbox 326 2786 1427 2871; baseline 0.001 -23"><span class='ocrx_word' id='word_1_264' title='bbox 326 2788 536 2866; x_wconf 88' lang='lat' dir='ltr'><strong>amaticorum,</strong></span> <span class='ocrx_word' id='word_1_265' title='bbox 558 2789 671 2870; x_wconf 88' lang='lat' dir='ltr'><strong>acripta</strong></span> <span class='ocrx_word' id='word_1_266' title='bbox 692 2789 878 2870; x_wconf 87' lang='lat' dir='ltr'><strong>probationia</strong></span> <span class='ocrx_word' id='word_1_267' title='bbox 897 2790 993 2869; x_wconf 78' lang='lat' dir='ltr'><strong>pratia</strong></span> <span class='ocrx_word' id='word_1_268' title='bbox 1009 2792 1044 2852; x_wconf 88' lang='lat' dir='ltr'><strong>in</strong></span> <span class='ocrx_word' id='word_1_269' title='bbox 1063 2792 1160 2871; x_wconf 78' lang='lat' dir='ltr'><strong>ignem</strong></span> <span class='ocrx_word' id='word_1_270' title='bbox 1174 2786 1284 2848; x_wconf 83' lang='lat' dir='ltr'><strong>iniecta</strong></span> <span class='ocrx_word' id='word_1_271' title='bbox 1305 2789 1427 2866; x_wconf 83' lang='lat' dir='ltr'><strong>pariter</strong></span> 
     </span>
     <span class='ocr_line' id='line_1_30' title="bbox 327 2872 1424 2959; baseline -0.001 -25"><span class='ocrx_word' id='word_1_272' title='bbox 327 2882 475 2952; x_wconf 84' lang='lat' dir='ltr'><strong>arserunt,</strong></span> <span class='ocrx_word' id='word_1_273' title='bbox 490 2874 605 2935; x_wconf 87' lang='lat' dir='ltr'><strong>decima</strong></span> <span class='ocrx_word' id='word_1_274' title='bbox 617 2875 744 2957; x_wconf 88' lang='lat' dir='ltr'><strong>aeptima</strong></span> <span class='ocrx_word' id='word_1_275' title='bbox 757 2876 867 2937; x_wconf 79' lang='lat' dir='ltr'><strong>mancia</strong></span> <span class='ocrx_word' id='word_1_276' title='bbox 879 2875 1002 2959; x_wconf 78' lang='lat' dir='ltr'><strong>Aprilia,</strong></span> <span class='ocrx_word' id='word_1_277' title='bbox 1017 2896 1106 2955; x_wconf 88' lang='lat' dir='ltr'><strong>quem</strong></span> <span class='ocrx_word' id='word_1_278' title='bbox 1119 2885 1150 2937; x_wconf 90' lang='lat' dir='ltr'><strong>et</strong></span> <span class='ocrx_word' id='word_1_279' title='bbox 1162 2872 1317 2934; x_wconf 73' lang='lat' dir='ltr'><strong>sabbatum</strong></span> <span class='ocrx_word' id='word_1_280' title='bbox 1331 2872 1424 2933; x_wconf 79' lang='lat' dir='ltr'><strong>luiaaa</strong></span> 
     </span>
     <span class='ocr_line' id='line_1_31' title="bbox 328 2958 1422 3125; baseline 0 -22"><span class='ocrx_word' id='word_1_281' title='bbox 328 2959 649 3125; x_wconf 57' lang='lat' dir='ltr'><strong>illiniti?</strong></span> <span class='ocrx_word' id='word_1_282' title='bbox 660 2958 796 3106; x_wconf 66' lang='lat' dir='ltr'><strong>llll</strong></span> <span class='ocrx_word' id='word_1_283' title='bbox 805 2958 1422 3123; x_wconf 48' lang='lat' dir='ltr'><strong>33¹llellttli‘ttl0&#39;lltttl·</strong></span> 
     </span>
    </p>

    <p class='ocr_par' dir='ltr' id='par_1_4' title="bbox 324 3090 1418 4405">
     <span class='ocr_line' id='line_1_32' title="bbox 536 3090 545 3119; baseline 0 0"><span class='ocrx_word' id='word_1_284' title='bbox 536 3090 545 3119; x_wconf 74' lang='grc'><strong>1</strong></span> 
     </span>
     <span class='ocr_line' id='line_1_33' title="bbox 326 3128 1418 3209; baseline 0.001 -21"><span class='ocrx_word' id='word_1_285' title='bbox 326 3137 391 3189; x_wconf 88' lang='lat' dir='ltr'><strong>tem</strong></span> <span class='ocrx_word' id='word_1_286' title='bbox 406 3137 544 3189; x_wconf 83' lang='lat' dir='ltr'><strong>octrram</strong></span> <span class='ocrx_word' id='word_1_287' title='bbox 559 3128 704 3191; x_wconf 84' lang='lat' dir='ltr'><strong>decimam</strong></span> <span class='ocrx_word' id='word_1_288' title='bbox 720 3130 853 3191; x_wconf 86' lang='lat' dir='ltr'><strong>eiuadem</strong></span> <span class='ocrx_word' id='word_1_289' title='bbox 866 3131 989 3209; x_wconf 74' lang='lat' dir='ltr'><strong>Apriliu</strong></span> <span class='ocrx_word' id='word_1_290' title='bbox 1022 3140 1229 3193; x_wconf 84' lang='lat' dir='ltr'><strong>memorantur</strong></span> <span class='ocrx_word' id='word_1_291' title='bbox 1240 3130 1311 3189; x_wconf 86' lang='lat' dir='ltr'><strong>inde</strong></span> <span class='ocrx_word' id='word_1_292' title='bbox 1322 3138 1418 3190; x_wconf 81' lang='lat' dir='ltr'><strong>oeteo-</strong></span> 
     </span>
     <span class='ocr_line' id='line_1_34' title="bbox 327 3213 1415 3298; baseline 0.004 -25"><span class='ocrx_word' id='word_1_293' title='bbox 327 3222 394 3273; x_wconf 86' lang='lat' dir='ltr'><strong>tum</strong></span> <span class='ocrx_word' id='word_1_294' title='bbox 418 3213 540 3296; x_wconf 65' lang='lat' dir='ltr'><strong>pluviae</strong></span> <span class='ocrx_word' id='word_1_295' title='bbox 558 3214 736 3295; x_wconf 77' lang='lat' dir='ltr'><strong>aanpuineae</strong></span> <span class='ocrx_word' id='word_1_296' title='bbox 750 3235 852 3276; x_wconf 88' lang='lat' dir='ltr'><strong>manae</strong></span> <span class='ocrx_word' id='word_1_297' title='bbox 866 3216 945 3277; x_wconf 82' lang='lat' dir='ltr'><strong>llaio</strong></span> <span class='ocrx_word' id='word_1_298' title='bbox 958 3237 989 3298; x_wconf 89' lang='lat' dir='ltr'><strong>p.</strong></span> <span class='ocrx_word' id='word_1_299' title='bbox 1003 3216 1046 3281; x_wconf 82' lang='lat'><strong>54</strong></span> <span class='ocrx_word' id='word_1_300' title='bbox 1058 3238 1089 3281; x_wconf 81' lang='lat' dir='ltr'><strong>r.</strong></span> <span class='ocrx_word' id='word_1_301' title='bbox 1106 3222 1163 3291; x_wconf 81' lang='lat'><strong>12,</strong></span> <span class='ocrx_word' id='word_1_302' title='bbox 1184 3215 1334 3296; x_wconf 81' lang='lat' dir='ltr'><strong>expeditio</strong></span> <span class='ocrx_word' id='word_1_303' title='bbox 1344 3234 1415 3293; x_wconf 86' lang='lat' dir='ltr'><strong>pro·</strong></span> 
     </span>
     <span class='ocr_line' id='line_1_35' title="bbox 326 3298 1414 3381; baseline 0.003 -25"><span class='ocrx_word' id='word_1_304' title='bbox 326 3298 497 3359; x_wconf 83' lang='lat' dir='ltr'><strong>tovoetiarii</strong></span> <span class='ocrx_word' id='word_1_305' title='bbox 516 3298 549 3359; x_wconf 91' lang='lat' dir='ltr'><strong>in</strong></span> <span class='ocrx_word' id='word_1_306' title='bbox 566 3300 715 3361; x_wconf 88' lang='lat' dir='ltr'><strong>Occiduca</strong></span> <span class='ocrx_word' id='word_1_307' title='bbox 733 3310 848 3362; x_wconf 75' lang='lat' dir='ltr'><strong>tractui</strong></span> <span class='ocrx_word' id='word_1_308' title='bbox 866 3322 893 3364; x_wconf 91' lang='lat' dir='ltr'><strong>c.</strong></span> <span class='ocrx_word' id='word_1_309' title='bbox 908 3303 967 3379; x_wconf 75' lang='lat'><strong>25,</strong></span> <span class='ocrx_word' id='word_1_310' title='bbox 987 3302 1137 3365; x_wconf 79' lang='lat' dir='ltr'><strong>exercituo</strong></span> <span class='ocrx_word' id='word_1_311' title='bbox 1147 3311 1260 3381; x_wconf 78' lang='lat' dir='ltr'><strong>atr-agea</strong></span> <span class='ocrx_word' id='word_1_312' title='bbox 1275 3320 1313 3359; x_wconf 81' lang='lat' dir='ltr'><strong>ex</strong></span> <span class='ocrx_word' id='word_1_313' title='bbox 1326 3300 1414 3360; x_wconf 87' lang='lat' dir='ltr'><strong>lueet</strong></span> 
     </span>
     <span class='ocr_line' id='line_1_36' title="bbox 327 3382 1410 3465; baseline 0 -22"><span class='ocrx_word' id='word_1_314' title='bbox 327 3382 414 3443; x_wconf 74' lang='lat' dir='ltr'><strong>«lucia</strong></span> <span class='ocrx_word' id='word_1_315' title='bbox 432 3384 527 3463; x_wconf 82' lang='lat' dir='ltr'><strong>ipaiue</strong></span> <span class='ocrx_word' id='word_1_316' title='bbox 545 3384 771 3463; x_wconf 79' lang='lat' dir='ltr'><strong>pmtovertimii</strong></span> <span class='ocrx_word' id='word_1_317' title='bbox 789 3406 871 3447; x_wconf 90' lang='lat' dir='ltr'><strong>mora</strong></span> <span class='ocrx_word' id='word_1_318' title='bbox 887 3406 914 3445; x_wconf 87' lang='lat' dir='ltr'><strong>c.</strong></span> <span class='ocrx_word' id='word_1_319' title='bbox 929 3390 990 3461; x_wconf 78' lang='lat'><strong>27,</strong></span> <span class='ocrx_word' id='word_1_320' title='bbox 1011 3387 1180 3447; x_wconf 84' lang='lat' dir='ltr'><strong>conaccrati</strong></span> <span class='ocrx_word' id='word_1_321' title='bbox 1193 3386 1280 3465; x_wconf 88' lang='lat' dir='ltr'><strong>pania</strong></span> <span class='ocrx_word' id='word_1_322' title='bbox 1292 3385 1324 3443; x_wconf 88' lang='lat' dir='ltr'><strong>in</strong></span> <span class='ocrx_word' id='word_1_323' title='bbox 1337 3404 1410 3444; x_wconf 73' lang='lat' dir='ltr'><strong>sacra</strong></span> 
     </span>
     <span class='ocr_line' id='line_1_37' title="bbox 327 3467 1410 3556; baseline 0 -31"><span class='ocrx_word' id='word_1_324' title='bbox 327 3467 443 3547; x_wconf 87' lang='lat' dir='ltr'><strong>pyxide</strong></span> <span class='ocrx_word' id='word_1_325' title='bbox 463 3468 646 3547; x_wconf 85' lang='lat' dir='ltr'><strong>deprehenaa</strong></span> <span class='ocrx_word' id='word_1_326' title='bbox 668 3471 823 3549; x_wconf 87' lang='lat' dir='ltr'><strong>corruptio</strong></span> <span class='ocrx_word' id='word_1_327' title='bbox 839 3470 989 3531; x_wconf 88' lang='lat' dir='ltr'><strong>dominica</strong></span> <span class='ocrx_word' id='word_1_328' title='bbox 1007 3470 1119 3556; x_wconf 55' lang='lat' dir='ltr'><strong>Tprim</strong></span> <span class='ocrx_word' id='word_1_329' title='bbox 1131 3479 1237 3531; x_wconf 75' lang='lat' dir='ltr'><strong>vocata</strong></span> <span class='ocrx_word' id='word_1_330' title='bbox 1248 3490 1275 3529; x_wconf 82' lang='lat' dir='ltr'><strong>c</strong></span> <span class='ocrx_word' id='word_1_331' title='bbox 1288 3472 1346 3544; x_wconf 71' lang='lat'><strong>28,</strong></span> <span class='ocrx_word' id='word_1_332' title='bbox 1364 3467 1410 3527; x_wconf 87' lang='lat' dir='ltr'><strong>ubi</strong></span> 
     </span>
     <span class='ocr_line' id='line_1_38' title="bbox 327 3551 1409 3638; baseline -0.006 -23"><span class='ocrx_word' id='word_1_333' title='bbox 327 3572 360 3635; x_wconf 83' lang='lat' dir='ltr'><strong>p.</strong></span> <span class='ocrx_word' id='word_1_334' title='bbox 375 3556 416 3618; x_wconf 81' lang='lat'><strong>79</strong></span> <span class='ocrx_word' id='word_1_335' title='bbox 432 3572 463 3613; x_wconf 81' lang='lat' dir='ltr'><strong>v·</strong></span> <span class='ocrx_word' id='word_1_336' title='bbox 478 3553 499 3619; x_wconf 84' lang='lat'>4</span> <span class='ocrx_word' id='word_1_337' title='bbox 512 3551 622 3615; x_wconf 86' lang='lat' dir='ltr'><strong>diaerte</strong></span> <span class='ocrx_word' id='word_1_338' title='bbox 636 3554 767 3615; x_wconf 85' lang='lat' dir='ltr'><strong>traditur</strong></span> <span class='ocrx_word' id='word_1_339' title='bbox 779 3576 844 3617; x_wconf 87' lang='lat' dir='ltr'><strong>eam</strong></span> <span class='ocrx_word' id='word_1_340' title='bbox 855 3554 1031 3637; x_wconf 83' lang='lat' dir='ltr'><strong>particulam</strong></span> <span class='ocrx_word' id='word_1_341' title='bbox 1050 3556 1247 3638; x_wconf 76' lang='lat' dir='ltr'><strong>putrefactam</strong></span> <span class='ocrx_word' id='word_1_342' title='bbox 1258 3556 1344 3615; x_wconf 82' lang='lat' dir='ltr'><strong>iuirae</strong></span> <span class='ocrx_word' id='word_1_343' title='bbox 1353 3552 1409 3612; x_wconf 88' lang='lat' dir='ltr'><strong>illie</strong></span> 
     </span>
     <span class='ocr_line' id='line_1_39' title="bbox 326 3635 1408 3721; baseline -0.002 -22"><span class='ocrx_word' id='word_1_344' title='bbox 326 3635 494 3719; x_wconf 77' lang='lat' dir='ltr'><strong>depositam</strong></span> <span class='ocrx_word' id='word_1_345' title='bbox 508 3658 587 3698; x_wconf 88' lang='lat' dir='ltr'><strong>anno</strong></span> <span class='ocrx_word' id='word_1_346' title='bbox 602 3638 749 3719; x_wconf 77' lang='lat' dir='ltr'><strong>superiori</strong></span> <span class='ocrx_word' id='word_1_347' title='bbox 762 3642 836 3701; x_wconf 78' lang='lat' dir='ltr'><strong>seria</strong></span> <span class='ocrx_word' id='word_1_348' title='bbox 850 3650 956 3721; x_wconf 77' lang='lat' dir='ltr'><strong>qurrta</strong></span> <span class='ocrx_word' id='word_1_349' title='bbox 969 3639 1174 3705; x_wconf 85' lang='lat' dir='ltr'><strong>hebdomadae</strong></span> <span class='ocrx_word' id='word_1_350' title='bbox 1194 3639 1323 3701; x_wconf 74' lang='lat' dir='ltr'><strong>maioris.</strong></span> <span class='ocrx_word' id='word_1_351' title='bbox 1358 3658 1408 3697; x_wconf 88' lang='lat' dir='ltr'><strong>an·</strong></span> 
     </span>
     <span class='ocr_line' id='line_1_40' title="bbox 326 3720 1407 3807; baseline -0.002 -24"><span class='ocrx_word' id='word_1_352' title='bbox 326 3744 385 3783; x_wconf 84' lang='lat' dir='ltr'><strong>nur</strong></span> <span class='ocrx_word' id='word_1_353' title='bbox 401 3722 454 3783; x_wconf 90' lang='lat' dir='ltr'><strong>ille</strong></span> <span class='ocrx_word' id='word_1_354' title='bbox 472 3723 611 3803; x_wconf 82' lang='lat' dir='ltr'><strong>ruperint</strong></span> <span class='ocrx_word' id='word_1_355' title='bbox 626 3726 691 3784; x_wconf 88' lang='lat' dir='ltr'><strong>aine</strong></span> <span class='ocrx_word' id='word_1_356' title='bbox 710 3724 804 3785; x_wconf 88' lang='lat' dir='ltr'><strong>dubio</strong></span> <span class='ocrx_word' id='word_1_357' title='bbox 822 3727 880 3786; x_wconf 84' lang='lat' dir='ltr'><strong>fuit</strong></span> <span class='ocrx_word' id='word_1_358' title='bbox 891 3726 1005 3787; x_wconf 79' lang='lat' dir='ltr'><strong>Cbrirti</strong></span> <span class='ocrx_word' id='word_1_359' title='bbox 1017 3730 1117 3805; x_wconf 78' lang='lat'><strong>1288,</strong></span> <span class='ocrx_word' id='word_1_360' title='bbox 1138 3745 1200 3807; x_wconf 85' lang='lat' dir='ltr'><strong>quo</strong></span> <span class='ocrx_word' id='word_1_361' title='bbox 1217 3745 1303 3800; x_wconf 88' lang='lat' dir='ltr'><strong>cum,</strong></span> <span class='ocrx_word' id='word_1_362' title='bbox 1320 3720 1407 3783; x_wconf 87' lang='lat' dir='ltr'><strong>utdi-</strong></span> 
     </span>
     <span class='ocr_line' id='line_1_41' title="bbox 326 3806 1405 3893; baseline 0 -24"><span class='ocrx_word' id='word_1_363' title='bbox 326 3808 444 3891; x_wconf 81' lang='lat' dir='ltr'><strong>1imna,</strong></span> <span class='ocrx_word' id='word_1_364' title='bbox 466 3806 577 3870; x_wconf 87' lang='lat' dir='ltr'><strong>Paecha</strong></span> <span class='ocrx_word' id='word_1_365' title='bbox 596 3809 737 3871; x_wconf 86' lang='lat' dir='ltr'><strong>inciderit</strong></span> <span class='ocrx_word' id='word_1_366' title='bbox 750 3810 785 3871; x_wconf 89' lang='lat' dir='ltr'><strong>in</strong></span> <span class='ocrx_word' id='word_1_367' title='bbox 797 3810 876 3871; x_wconf 89' lang='lat' dir='ltr'><strong>diem</strong></span> <span class='ocrx_word' id='word_1_368' title='bbox 889 3814 931 3878; x_wconf 87' lang='lat'><strong>18</strong></span> <span class='ocrx_word' id='word_1_369' title='bbox 944 3811 1073 3893; x_wconf 72' lang='lat' dir='ltr'><strong>Aprilia,</strong></span> <span class='ocrx_word' id='word_1_370' title='bbox 1094 3812 1169 3874; x_wconf 79' lang='lat' dir='ltr'><strong>feria</strong></span> <span class='ocrx_word' id='word_1_371' title='bbox 1182 3820 1289 3891; x_wconf 86' lang='lat' dir='ltr'><strong>quarta</strong></span> <span class='ocrx_word' id='word_1_372' title='bbox 1299 3806 1405 3869; x_wconf 83' lang='lat' dir='ltr'><strong>maioria</strong></span> 
     </span>
     <span class='ocr_line' id='line_1_42' title="bbox 325 3892 1406 3977; baseline -0.003 -22"><span class='ocrx_word' id='word_1_373' title='bbox 325 3894 530 3955; x_wconf 84' lang='lat' dir='ltr'><strong>hebdomadae</strong></span> <span class='ocrx_word' id='word_1_374' title='bbox 550 3895 641 3957; x_wconf 87' lang='lat' dir='ltr'><strong>luerit</strong></span> <span class='ocrx_word' id='word_1_375' title='bbox 653 3896 777 3957; x_wconf 89' lang='lat' dir='ltr'><strong>omnino</strong></span> <span class='ocrx_word' id='word_1_376' title='bbox 791 3894 832 3962; x_wconf 77' lang='grc'><strong>14</strong></span> <span class='ocrx_word' id='word_1_377' title='bbox 842 3895 976 3957; x_wconf 89' lang='lat' dir='ltr'><strong>eiuadem</strong></span> <span class='ocrx_word' id='word_1_378' title='bbox 989 3897 1109 3958; x_wconf 74' lang='lat' dir='ltr'><strong>mentia.</strong></span> <span class='ocrx_word' id='word_1_379' title='bbox 1151 3916 1247 3957; x_wconf 79' lang='lat' dir='ltr'><strong>eunus</strong></span> <span class='ocrx_word' id='word_1_380' title='bbox 1261 3892 1406 3977; x_wconf 79' lang='lat' dir='ltr'><strong>poallrunc</strong></span> 
     </span>
     <span class='ocr_line' id='line_1_43' title="bbox 327 3980 1406 4061; baseline -0.001 -22"><span class='ocrx_word' id='word_1_381' title='bbox 327 3980 673 4061; x_wconf 80' lang='lat' dir='ltr'><strong>eaquenaClniati1284</strong></span> <span class='ocrx_word' id='word_1_382' title='bbox 689 3980 811 4061; x_wconf 79' lang='lat' dir='ltr'><strong>cyclum</strong></span> <span class='ocrx_word' id='word_1_383' title='bbox 825 3980 898 4041; x_wconf 86' lang='lat' dir='ltr'><strong>aolia</strong></span> <span class='ocrx_word' id='word_1_384' title='bbox 914 3982 1117 4048; x_wconf 75' lang='lat' dir='ltr'><strong>numeravitb</strong></span> <span class='ocrx_word' id='word_1_385' title='bbox 1130 3992 1163 4043; x_wconf 88' lang='lat' dir='ltr'><strong>et</strong></span> <span class='ocrx_word' id='word_1_386' title='bbox 1174 4000 1296 4042; x_wconf 89' lang='lat' dir='ltr'><strong>aureum</strong></span> <span class='ocrx_word' id='word_1_387' title='bbox 1310 3996 1406 4038; x_wconf 85' lang='lat' dir='ltr'><strong>nume·</strong></span> 
     </span>
     <span class='ocr_line' id='line_1_44' title="bbox 326 4062 1404 4145; baseline -0.002 -20"><span class='ocrx_word' id='word_1_388' title='bbox 326 4085 396 4125; x_wconf 86' lang='lat' dir='ltr'><strong>rum</strong></span> <span class='ocrx_word' id='word_1_389' title='bbox 418 4070 467 4132; x_wconf 81' lang='lat'><strong>12.</strong></span> <span class='ocrx_word' id='word_1_390' title='bbox 509 4064 566 4127; x_wconf 84' lang='lat' dir='ltr'><strong>lraa</strong></span> <span class='ocrx_word' id='word_1_391' title='bbox 590 4076 679 4127; x_wconf 87' lang='lat' dir='ltr'><strong>notae</strong></span> <span class='ocrx_word' id='word_1_392' title='bbox 696 4066 808 4128; x_wconf 80' lang='lat' dir='ltr'><strong>l’aaclra</strong></span> <span class='ocrx_word' id='word_1_393' title='bbox 832 4068 996 4129; x_wconf 76' lang='lat' dir='ltr'><strong>conferunt</strong></span> <span class='ocrx_word' id='word_1_394' title='bbox 1014 4068 1049 4127; x_wconf 91' lang='lat' dir='ltr'><strong>iu</strong></span> <span class='ocrx_word' id='word_1_395' title='bbox 1068 4068 1149 4129; x_wconf 82' lang='lat' dir='ltr'><strong>diem</strong></span> <span class='ocrx_word' id='word_1_396' title='bbox 1167 4086 1283 4129; x_wconf 88' lang='lat' dir='ltr'><strong>nonum</strong></span> <span class='ocrx_word' id='word_1_397' title='bbox 1299 4062 1404 4145; x_wconf 79' lang='lat' dir='ltr'><strong>lprilia.</strong></span> 
     </span>
     <span class='ocr_line' id='line_1_45' title="bbox 324 4149 1403 4233; baseline 0.004 -26"><span class='ocrx_word' id='word_1_398' title='bbox 324 4150 406 4209; x_wconf 90' lang='lat' dir='ltr'><strong>unde</strong></span> <span class='ocrx_word' id='word_1_399' title='bbox 421 4170 490 4210; x_wconf 90' lang='lat' dir='ltr'><strong>cum</strong></span> <span class='ocrx_word' id='word_1_400' title='bbox 507 4150 657 4213; x_wconf 87' lang='lat' dir='ltr'><strong>dominica</strong></span> <span class='ocrx_word' id='word_1_401' title='bbox 675 4154 797 4233; x_wconf 60' lang='lat' dir='ltr'><strong>Zyrine,</strong></span> <span class='ocrx_word' id='word_1_402' title='bbox 818 4152 922 4215; x_wconf 84' lang='lat' dir='ltr'><strong>eadem</strong></span> <span class='ocrx_word' id='word_1_403' title='bbox 937 4174 1007 4214; x_wconf 89' lang='lat' dir='ltr'><strong>cum</strong></span> <span class='ocrx_word' id='word_1_404' title='bbox 1022 4172 1057 4213; x_wconf 88' lang='lat' dir='ltr'><strong>ea</strong></span> <span class='ocrx_word' id='word_1_405' title='bbox 1069 4172 1162 4233; x_wconf 75' lang='lat' dir='ltr'><strong>quum</strong></span> <span class='ocrx_word' id='word_1_406' title='bbox 1172 4174 1229 4214; x_wconf 86' lang='lat' dir='ltr'><strong>noa</strong></span> <span class='ocrx_word' id='word_1_407' title='bbox 1244 4149 1403 4211; x_wconf 85' lang='lat' dir='ltr'><strong>dominicam</strong></span> 
     </span>
     <span class='ocr_line' id='line_1_46' title="bbox 327 4232 1403 4319; baseline 0.004 -30"><span class='ocrx_word' id='word_1_408' title='bbox 327 4232 599 4313; x_wconf 80' lang='lat' dir='ltr'><strong>Quinquageaimae</strong></span> <span class='ocrx_word' id='word_1_409' title='bbox 613 4256 767 4319; x_wconf 66' lang='lat' dir='ltr'><strong>immun,</strong></span> <span class='ocrx_word' id='word_1_410' title='bbox 788 4236 843 4298; x_wconf 92' lang='lat' dir='ltr'><strong>illo</strong></span> <span class='ocrx_word' id='word_1_411' title='bbox 858 4259 939 4301; x_wconf 86' lang='lat' dir='ltr'><strong>anno</strong></span> <span class='ocrx_word' id='word_1_412' title='bbox 952 4240 1102 4301; x_wconf 82' lang='lat' dir='ltr'><strong>biaaextili</strong></span> <span class='ocrx_word' id='word_1_413' title='bbox 1115 4238 1149 4299; x_wconf 89' lang='lat' dir='ltr'><strong>in</strong></span> <span class='ocrx_word' id='word_1_414' title='bbox 1161 4238 1240 4301; x_wconf 86' lang='lat' dir='ltr'><strong>diam</strong></span> <span class='ocrx_word' id='word_1_415' title='bbox 1251 4234 1403 4298; x_wconf 74' lang='lat' dir='ltr'><strong>corruerit</strong></span> 
     </span>
     <span class='ocr_line' id='line_1_47' title="bbox 329 4316 1402 4405; baseline -0.003 -20"><span class='ocrx_word' id='word_1_416' title='bbox 329 4322 369 4385; x_wconf 83' lang='lat'><strong>19</strong></span> <span class='ocrx_word' id='word_1_417' title='bbox 383 4316 551 4398; x_wconf 83' lang='lat' dir='ltr'><strong>Februarii,</strong></span> <span class='ocrx_word' id='word_1_418' title='bbox 572 4342 633 4403; x_wconf 82' lang='lat' dir='ltr'><strong>quo</strong></span> <span class='ocrx_word' id='word_1_419' title='bbox 653 4342 756 4389; x_wconf 86' lang='lat' dir='ltr'><strong>manaa</strong></span> <span class='ocrx_word' id='word_1_420' title='bbox 770 4322 932 4405; x_wconf 76' lang='lat' dir='ltr'><strong>aupuioria</strong></span> <span class='ocrx_word' id='word_1_421' title='bbox 945 4326 1015 4385; x_wconf 86' lang='lat' dir='ltr'><strong>mni</strong></span> <span class='ocrx_word' id='word_1_422' title='bbox 1031 4326 1195 4404; x_wconf 74' lang='lat' dir='ltr'><strong>relegatum</strong></span> <span class='ocrx_word' id='word_1_423' title='bbox 1208 4324 1326 4385; x_wconf 83' lang='lat' dir='ltr'><strong>Pruaau</strong></span> <span class='ocrx_word' id='word_1_424' title='bbox 1336 4320 1402 4383; x_wconf 68' lang='lat' dir='ltr'><strong>le-</strong></span> 
     </span>
    </p>
   </div>
   <div class='ocr_carea' id='block_1_3' title="bbox 0 0 1510 4900">
    <p class='ocr_par' dir='ltr' id='par_1_5' title="bbox 0 0 1510 4900">
     <span class='ocr_line' id='line_1_48' title="bbox 0 0 1510 4900; baseline 0 0"><span class='ocrx_word' id='word_1_425' title='bbox 0 0 1510 4900; x_wconf 95' lang='lat' dir='ltr'><strong> </strong></span> 
     </span>
    </p>
   </div>
  </div>
 </body>
</html>
