3009 4900
568 542 580 578 i

412 781 647 860 paraus
687 781 985 864 possmus

300 955 349 1071 L
427 952 470 1058 E
549 951 590 1082 G
670 949 722 1058 T
801 951 851 1062 Ο
932 955 979 1058 li
1060 955 1105 1064 i.

127 1375 156 1442 i.
208 1340 405 1464 Dispungo
431 1399 503 1442 ecce
528 1397 591 1442 non
610 1389 701 1446 retus
722 1400 856 1460 nomen3
879 1389 910 1444 et
930 1401 1023 1467 quam
1042 1375 1156 1444 debere
1179 1389 1251 1444 ante

126 1483 189 1544 boc
217 1481 389 1546 biennium
416 1503 577 1570 coeperam
603 1495 724 1570 partem
750 1485 879 1548 aiteram
905 1481 1166 1566 Pacbymerianaa
1197 1485 1250 1546 iri-

127 1586 266 1664 stnr'me,
303 1583 387 1647 baud
413 1585 508 1649 nimia
535 1607 621 1665 sera,
654 1586 683 1650 si
709 1589 812 1652 moles
842 1587 1020 1650 aestimetur
1042 1587 1163 1674 operis,
1196 1607 1251 1650 sc-

126 1689 255 1751 intione
284 1701 490 1774 repraesento.
527 1687 670 1752 describit
696 1711 733 1753 ea
762 1711 819 1754 sex
848 1701 880 1753 et
908 1689 1016 1772 aigina
1043 1689 1162 1776 priores
1191 1709 1249 1752 an-

128 1813 190 1855 nos
219 1791 351 1878 imperii
376 1790 543 1854 Andronici
567 1790 761 1874 Palaeoiogi,
804 1795 844 1856 ab
879 1792 941 1880 ipsi
971 1793 1155 1873 cognomine
1191 1813 1250 1856 na-

128 1907 210 1980 pote
245 1916 305 1957 nec
341 1893 433 1959 valde
467 1893 617 1958 concorde
653 1897 772 1978 collega
809 1896 901 1978 vulgo
936 1893 1082 1976 distingui
1118 1895 1249 1960 senioris

129 1997 282 2062 adiuncto
315 1997 413 2061 soliti.
465 2009 512 2061 est
545 1999 623 2062 baec
649 1997 854 2064 infelicissimi
883 1999 1067 2088 principatus
1094 1997 1199 2092 imago
1229 2021 1249 2062 a

131 2113 242 2166 nostro
270 2101 420 2165 historico
448 2103 593 2180 formata,
624 2101 723 2184 magis
750 2101 925 2180 conditione
954 2091 1126 2184 argumenti
1155 2121 1249 2188 quam

130 2204 264 2285 ingenio
298 2204 471 2290 pingentis,
515 2203 736 2269 Parrbasisnse
764 2207 847 2269 iilius
876 2205 1002 2284 similis,
1043 2227 1101 2292 qua
1127 2204 1248 2268 Plinius

134 2317 264 2369 testatur
289 2307 424 2384 demon,
461 2307 527 2370 sive
554 2311 722 2396 populum,
757 2307 976 2372 Atheniensem
1005 2309 1044 2370 ab
1072 2307 1132 2370 isto
1159 2329 1247 2370 sum-

136 2428 195 2473 mo
222 2411 334 2473 artifice
361 2409 407 2473 sic
436 2407 668 2488 adumbratum,
700 2419 733 2473 ut
760 2431 864 2475 mores
897 2411 964 2475 eius
990 2421 1171 2499 motusque,
1206 2409 1247 2473 ii-

136 2526 186 2576 cet
213 2514 295 2577 inter
322 2535 393 2577 sese
419 2514 578 2592 contrarii,
607 2514 700 2577 simul
727 2524 831 2577 tamen
858 2512 892 2575 in
920 2514 1021 2575 tabula
1043 2514 1091 2577 sui
1119 2534 1248 2579 sensum

134 2616 270 2697 cierent3
313 2628 551 2703 agnosceretque
586 2638 651 2679 uno
683 2614 794 2679 intuitu
831 2626 984 2703 spectetur
1023 2614 1156 2679 eundem
1188 2638 1247 2682 va-

135 2721 215 2783 rium
241 2732 275 2783 et
303 2729 511 2797 constantem,
538 2716 718 2781 iracundum
745 2730 777 2783 et
803 2718 1012 2799 exorabilem,
1042 2720 1190 2783 iniustum
1213 2730 1247 2783 at

135 2824 336 2902 tiernensem,
379 2822 549 2904 gloriosum
583 2834 616 2887 et
649 2822 819 2901 humilem,
861 2824 996 2901 ferocem
1031 2834 1063 2885 et
1095 2824 1247 2903 fugacem.

137 2928 204 3011 pari
231 2925 386 3013 siquidem
413 2926 574 3012 exemplo,
601 2924 676 2988 dum
705 2926 822 2989 sincera
849 2922 1020 2987 narratione
1047 2936 1152 2987 noster
1180 2924 1244 2987 in-

140 3027 255 3091 dronici
279 3041 345 3092 acta
373 3028 536 3115 exprimit,
576 3050 673 3093 unum
699 3028 803 3115 ipsum
825 3026 966 3107 exhibet,
1006 3028 1077 3089 binc
1105 3026 1245 3092 audacis-

136 3132 252 3196 simum
280 3132 440 3213 religionis
463 3122 723 3221 contemptorem,
747 3130 832 3195 illinc
854 3130 1155 3217 superstitiosissime
1176 3134 1244 3193 ior-

134 3234 343 3315 midoiosum3
367 3238 548 3323 plerumque
569 3236 725 3299 solicitum
746 3232 966 3309 discordiarum
986 3234 1132 3299 ecciesiae
1156 3254 1244 3297 com·

132 3338 365 3427 ponendamm,
396 3360 473 3403 mox
500 3338 809 3414 vehementissimum
836 3336 1069 3401 disturbatorem
1097 3338 1243 3419 concilia-

133 3453 185 3506 tae
211 3454 258 3505 tot
281 3442 434 3505 laborabas
463 3453 594 3528 epatre
621 3442 706 3529 pacis
734 3440 948 3521 ecclesiarum3
973 3438 1137 3527 aliquando
1161 3440 1242 3519 irugi

131 3566 171 3607 ac
199 3566 343 3631 parcum,
381 3546 485 3609 statim
513 3545 699 3610 eibrsissinre
721 3544 904 3631 prodigum
943 3564 1066 3630 semper
1094 3544 1242 3608 versutis-

131 3649 254 3713 simum
288 3648 321 3711 in
365 3648 591 3730 excogitatione
630 3652 784 3712 rationum
825 3644 907 3735 quod
948 3640 1041 3713 vellet
1079 3644 1242 3727 alliciendi,

130 3770 304 3837 nmquam
333 3773 398 3815 non
430 3749 749 3838 imprudentissimum
776 3752 809 3815 in
838 3746 987 3815 electione
1024 3748 1240 3831 consiliorum

129 3859 309 3940 frequenter
340 3874 433 3943 supra
466 3853 595 3917 modum
629 3856 824 3919 affemantem
858 3856 976 3917 famam
1012 3851 1142 3915 officiosi
1170 3874 1241 3933 erga

33 4023 34 4028 ,
131 3958 340 4038 domesticos,
382 3980 440 4022 nec
472 3978 542 4021 raro
568 3958 665 4023 ferina
691 3958 851 4045 impietate
879 3954 1130 4036 debacchantem,
1168 3954 1241 4019 vio-

132 4059 237 4125 landis
261 4062 329 4126 sine
353 4062 492 4149 respecdr
515 4060 789 4125 necessitudinibus
812 4058 1029 4139 sanctissimis,
1054 4060 1159 4145 utique
1187 4058 1241 4143 qui

131 4186 199 4228 non
223 4165 319 4229 modo
344 4188 409 4229 non
442 4164 484 4228 sit
512 4164 628 4229 veritus
659 4164 866 4230 amantissimi
894 4173 926 4225 et
957 4162 1051 4225 nimis
1076 4162 1109 4225 in
1136 4163 1240 4251 ipsura

132 4270 262 4333 benel'rti
291 4268 430 4359 parenfis
454 4268 639 4335 memoriam
665 4270 754 4335 iustis
783 4266 959 4333 lunebribus
985 4264 1143 4347 fraudem
1171 4284 1239 4331 ma·
