3009 4900
458 265 538 336 mu.
561 264 588 334 l
642 266 918 336 GLOSStRthl.
1167 273 1241 345 711

14 458 15 492 ;
102 431 237 493 affert:
257 427 425 511 slmipqosc
435 423 495 509 γαρ
508 421 567 490 oda
579 425 659 490 ἔστιν
670 423 844 508 dedecuere.
886 432 969 494 uude
978 433 1069 494 infert
1081 455 1144 498 nou
1157 455 1243 516 posse

14 526 25 578 t
101 517 247 577 habere
260 517 405 576 uirtutem
419 514 530 574 ullam:
551 509 586 576 sd
599 511 632 575 ὄλ
645 509 688 592 μή
703 513 914 597 ὑφιστάμενον
928 520 1021 582 ποίαν
1038 519 1095 596 ἕξει
1110 518 1168 602 τήν
1183 519 1241 588 dv'-

13 631 19 666 l
105 625 248 682 ναμον;
268 609 389 660 sesnes
400 599 493 678 igitur
500 597 694 685 Pachyrneres
707 620 738 660 se
750 600 865 682 ipsumq
887 610 919 663 et
935 605 990 664 cur
1001 603 1242 685 παροποστοὲσπς

14 717 24 752 ,ν
107 686 441 760 vice-subsistentias,
462 693 498 744 ut
515 682 558 743 sic
576 684 720 760 dixerim,
740 684 774 748 ie
793 691 847 766 τῆς
867 691 928 752 sois
946 683 1072 770 α’γαθοὸν
1090 685 1241 768 ἅπονσλας

106 781 226 832 vocet
238 765 327 846 mei,
348 769 480 830 declaret
493 769 529 828 iis
540 767 612 848 ipsis
626 769 724 833 verbis
738 789 813 847 quse
830 792 891 832 nou
904 773 992 854 lungo
1004 774 1162 837 intervallo
1174 785 1241 858 post

14 891 20 926 ;
108 857 228 918 modo
240 857 390 937 descripta
406 857 439 915 in
457 854 521 914 eius
533 851 708 932 paraphrasi
724 854 881 934 leguntur:
909 853 956 922 des
973 855 1039 924 τότε
1058 859 1083 942 η’
1106 862 1241 944 στέρησις

14 981 17 1012 ;
111 943 360 1024 παρνφλοτοπαο
377 935 427 1005 ‘dre
445 935 486 1004 sd
500 931 622 1020 α’γαθόν
642 932 814 1021 ἐπέρχεται,
844 946 991 1022 quoniam
1013 957 1088 1006 tune
1102 950 1240 1026 privatio

13 1070 18 1098 q
116 1031 234 1108 quasi
255 1027 414 1102 subsistit,
448 1023 573 1105 quaudo
594 1024 708 1084 bonum
730 1026 833 1103 (cuius
854 1038 900 1088 est
922 1029 1071 1110 privatio)
1092 1031 1240 1098 abscedit.

13 1151 21 1186 :
117 1113 220 1173 unde
234 1111 309 1171 nihil
327 1121 374 1170 est
390 1111 534 1184 mhdunr,
553 1110 607 1170 sod
619 1112 714 1169 torsus
728 1110 816 1172 solidi
836 1131 1019 1193 expressum.
1060 1125 1095 1176 ut
1108 1137 1176 1178 curn
1193 1127 1240 1178 te-

119 1199 245 1258 nebras
258 1197 324 1274 quis
337 1196 425 1271 dicit,
445 1195 569 1255 videtur
579 1194 741 1276 punitivum
754 1197 865 1275 aliquid
878 1197 986 1278 dicere,
1005 1219 1038 1262 ra
1051 1219 1124 1262 vera
1139 1213 1240 1264 autem

14 1324 16 1355 q
122 1283 212 1344 nihil
227 1283 302 1342 dicit
318 1281 374 1341 nisi
385 1280 533 1361 positivae
547 1282 592 1340 rei
602 1279 766 1340 absentiam
780 1282 864 1342 lucis.

128 1400 132 1405 ·
221 1359 414 1446 πεοσμονή
436 1385 465 1446 p.
484 1370 545 1432 120
557 1385 587 1424 v·
599 1370 629 1430 6.
672 1365 715 1426 sit
730 1365 931 1446 patriacham
945 1369 1087 1449 Cyprium
1107 1389 1239 1432 emerem

123 1455 164 1514 in
185 1454 253 1512 eius
271 1463 354 1512 tomo
374 1449 589 1531 deprehensum
606 1470 763 1529 agnoscere
785 1473 820 1512 ac
841 1457 987 1534 corrigere
1006 1455 1156 1519 uolentem
1177 1477 1240 1516 non
1311 1499 1316 1517 .

121 1538 233 1598 solum
248 1541 430 1618 πασμονῆς,
450 1534 510 1596 hoc
529 1545 575 1594 est
592 1555 727 1596 assensus
745 1539 779 1596 in
799 1555 930 1598 errorem
943 1549 1049 1600 contra
1061 1539 1168 1614 fidem,
1186 1539 1239 1602 sed

124 1623 225 1684 etiam
242 1622 393 1703 αἱρέσεως,
413 1621 596 1681 contumacis
606 1621 745 1681 videlicet
758 1623 790 1682 in
805 1633 922 1686 ostenso
936 1642 1037 1684 errore
1050 1626 1239 1704 pertinaciae,

126 1711 307 1770 secuntum
320 1707 403 1788 apud
414 1707 624 1786 imperatorem
636 1707 734 1768 luisse.
777 1709 859 1768 unde
871 1719 995 1788 apparet
1007 1711 1074 1770 voci
1088 1703 1239 1792 πεισμονή

127 1794 330 1854 eeclesiastico
347 1813 407 1854 usu
420 1790 499 1852 hane
510 1793 599 1852 luisse
610 1791 773 1860 subiectam
786 1794 954 1870 noliunem,
976 1803 1012 1856 ut
1025 1815 1060 1856 es
1071 1794 1239 1874 designaret

31 1933 44 1946 ,
130 1879 344 1940 adhaesionem
361 1877 437 1938 male
454 1896 610 1957 persuasae
623 1877 731 1940 mentis
746 1876 786 1936 ad
806 1877 912 1958 dogma
926 1877 1049 1952 salsum
1070 1899 1145 1958 quae
1157 1901 1238 1941 nou-

131 1965 208 2024 dum
224 1965 352 2024 haeresis
367 1972 549 2038 censeretur,
568 1963 625 2022 nisi
636 1972 795 2042 postquam
811 1965 988 2038 admonitus,
1010 1965 1062 2042 qui
1074 1975 1236 2042 erraverat,
1252 1973 1274 2030 Ρ
1290 1974 1342 2034 503

131 2051 339 2130 obtemperare
351 2048 541 2110 monentibus
560 2057 591 2107 et
605 2067 730 2128 prauam
744 2049 912 2128 opinionem
933 2069 1076 2112 revocare
1088 2049 1239 2122 abnuisset

132 2136 298 2216 pertinacia
313 2153 346 2194 se
358 2135 514 2194 involvens
527 2153 591 2198 sua·

221 2218 391 2298 πέλαγος
410 2241 442 2299 Ρ,
460 2223 522 2286 142
541 2223 637 2284 v.12.
679 2238 783 2281 rocem
800 2216 928 2303 πέλαγος
944 2218 1026 2280 aliud
1045 2219 1197 2302 quidpiam
1219 2242 1238 2281 a

134 2313 296 2385 pervagata
310 2303 455 2382 obviaque
468 2304 591 2363 notione
605 2302 744 2365 hocloco
758 2323 864 2364 sonare
876 2303 1008 2382 quiaquia
1021 2305 1126 2374 intime
1137 2307 1238 2366 iutro-

135 2391 266 2471 speaerit
278 2390 392 2450 sentiet.
433 2390 550 2471 reperio
565 2388 646 2469 apud
662 2387 844 2470 Hesyelrium
857 2391 1023 2473 πελαγίζειν
1034 2391 1174 2470 explicari
1187 2390 1238 2473 λγ-

135 2478 244 2557 picas,
264 2470 457 2555 πλησιάζειν,
482 2486 516 2535 ut
536 2494 597 2534 nou
611 2484 722 2541 temera
738 2476 923 2556 suspicemur
944 2476 1094 2555 quondam
1112 2478 1238 2541 viciniae
1334 2474 1361 2505 ‘

135 2562 344 2622 indicationem
356 2560 504 2621 vocabulo
522 2554 673 2642 πελάγους
690 2560 770 2621 hies
790 2572 896 2627 nostro
907 2562 1048 2634 inditam,
1068 2582 1158 2640 quam
1178 2560 1237 2621 loci

135 2668 206 2708 sane
218 2647 364 2707 sententia
376 2648 476 2725 exigit.
517 2664 607 2724 quern
624 2647 704 2705 enim
718 2647 827 2723 alioqui
843 2665 978 2725 saporem
995 2646 1115 2721 habeat,
1138 2646 1237 2707 dicere

136 2733 345 2813 Pachymercm
359 2750 392 2791 sa
403 2753 439 2791 es
453 2755 486 2789 eo
499 2728 586 2810 quod
591 2734 742 2807 pertineat
755 2728 800 2789 ad
813 2730 981 2807 Christum,
998 2730 1037 2786 ab
1053 2731 1120 2807 ipso
1136 2728 1237 2789 eodem

136 2821 242 2897 puniri
261 2818 460 2897 ὀοπὶφπὶσαλίο
478 2819 651 2877 existimor
665 2814 824 2894 pelagus?
850 2814 963 2875 diceret
980 2812 1081 2891 potius
1097 2814 1235 2893 pignus:

139 2902 210 2963 nihil
226 2903 304 2963 enisu
321 2903 360 2962 sd
379 2902 507 2961 fiduciae
526 2919 613 2961 omen
634 2898 890 2963 accommodatum
907 2898 999 2959 hebet
1017 2918 1079 2959 vox
1090 2900 1236 2980 pelagus,

140 2987 165 3047 si
180 2989 293 3067 uulgari
306 2987 474 3067 significatu
485 2993 656 3066 usurpetur.
696 2985 839 3045 nimirum
852 3005 870 3041 a
881 2984 980 3061 πέλας,
994 2984 1076 3067 quod
1089 2993 1134 3042 est
1146 2978 1236 3067 ἐγγύς

137 3067 707 3238 1ἶὲἕὶἴοζ“ἷέπὶῖῖλξῗλπ1ῗῖ1ἔὲἕὲ
716 3068 896 3217 tltllll
910 3070 1235 3234 {titillent}

1048 3199 1058 3230 5

141 3264 197 3303 non
209 3244 296 3325 plane
308 3242 473 3305 abhorrens
485 3263 503 3300 a
523 3243 657 3307 viciniae
675 3262 711 3301 ac
725 3179 1152 3321 propinquitatisoerirentione,
1172 3239 1234 3301 huc

142 3348 206 3389 saue
218 3338 402 3410 opportuna,
423 3348 513 3407 quam
527 3328 595 3387 ideo
608 3326 833 3407 interpretando
848 3324 1055 3405 expressimus.

148 3466 151 3475 .
220 3409 389 3494 Πηλεύς.
431 3413 471 3473 ad
491 3432 623 3491 eaquae
646 3412 795 3473 Glossario
815 3410 909 3492 priori
930 3412 1007 3474 circa
1026 3409 1086 3471 hoc
1105 3408 1234 3473 verbum

144 3500 398 3578 notavi‚quaedsm
409 3498 441 3559 in
453 3518 535 3559 mese
548 3499 786 3578 supplementum
798 3497 931 3557 inscitiae
941 3497 978 3556 ab
989 3496 1089 3556 amicis
1101 3503 1234 3575 suggesta

145 3582 190 3643 hic
205 3585 369 3663 adiungam.
409 3584 447 3646 ll.
461 3584 493 3645 P.
505 3584 629 3643 loannes
641 3583 781 3662 Fayouus
793 3585 824 3642 S.
836 3582 858 3643 l.
871 3582 936 3643 viso
956 3582 1037 3647 edito
1055 3578 1235 3659 Pachymere

147 3668 255 3747 scripsit
269 3670 310 3730 sd
327 3688 375 3730 ms
396 3670 452 3729 sibi
471 3668 567 3729 videri
586 3668 796 3747 Puchymerens
813 3666 887 3727 haec
904 3667 1080 3733 scribentem
1097 3666 1135 3723 de
1147 3664 1236 3723 Vecci

146 3755 281 3826 castitate,
303 3756 404 3835 ῥοπῆς
415 3752 473 3836 ydp
488 3754 532 3828 sic
542 3756 686 3834 πορνείαν
701 3749 759 3816 κᾶν
772 3750 893 3832 Πηλεύς
906 3744 1007 3832 ὦφλεν
1019 3746 1042 3832 ἢ
1056 3745 1096 3813 eis
1110 3748 1234 3825 ἐκεῖνος,

146 3838 272 3900 habuisse
283 3841 317 3899 in
332 3850 434 3900 mente
442 3840 541 3899 locum
554 3838 759 3919 Aristophanis
774 3838 807 3901 ie
819 3838 952 3907 Nubibus
967 3858 998 3918 p·
1013 3840 1073 3902 112
1087 3833 1134 3893 ed.
1146 3834 1234 3895 Basil-

148 3924 318 3990 saultoit:
339 3925 392 3989 aei
405 3921 463 4005 τὴν
478 3924 565 3988 Θέτιν
578 3919 608 3987 d'
624 3924 713 4009 ἔγημα
727 3919 778 3987 dsd
792 3923 826 3989 sd
838 3927 1008 4005 σωφρονεῖν
1022 3918 1038 3984 d
1051 3912 1180 3999 Πηλεύς,
1201 3918 1234 3979 irs

147 4028 212 4087 quae
230 4011 324 4071 verba
340 4010 513 4071 scholiastes
533 4010 628 4069 mults
652 4018 798 4069 memorat
815 4028 889 4087 quae
908 4004 1096 4066 castimoniae
1113 4002 1236 4083 insignis

147 4094 221 4155 Peleo
232 4096 514 4172 laudamentum,
534 4096 613 4156 inter
630 4096 688 4158 aliu
702 4095 775 4155 hoc:
794 4088 988 4171 Ἀστυδάμεια
1006 4087 1040 4153 di
1054 4086 1077 4169 ἦ
1090 4083 1235 4157 mutuos

147 4177 223 4262 γονή,
233 4182 396 4264 ἐρασθεῖσα
408 4182 542 4263 Πηλέος,
551 4181 603 4245 sel
613 4177 655 4261 μή
665 4183 792 4243 πείσασα
804 4174 854 4242 dsd
864 4172 1068 4259 σωφροσύνην
1077 4179 1236 4237 συνελθεῖν

149 4262 232 4353 edri,
251 4262 474 4348 καταψεύδεται
495 4261 592 4331 edroi
609 4264 687 4349 προς
698 4262 848 4330 'Asseros
864 4273 920 4327 etc.
963 4262 1051 4344 paulo
1068 4269 1137 4323 ante
1155 4260 1235 4321 idem
