3009 4900
366 381 447 456 Uli·
465 381 524 455 ΙΙΙ.
574 383 942 454 CHRONOLOGIGUS.
1138 387 1211 460 819

27 543 37 582 ἱ
84 547 202 609 Haiaa
220 548 254 606 ‘m
274 566 353 608 anno
376 545 504 626 Hegiree
522 549 586 614 680
603 547 810 625 diuideretur,
832 545 1011 627 quoniamie
1024 567 1150 610 ennoea
1167 557 1209 618 22

26 633 35 668 ⁵
86 633 224 712 Aprilis
249 634 321 692 anni
341 631 413 694 eor.
436 637 514 699 1281
535 631 848 712 inchoatueurqueed
867 639 906 700 10
920 633 1032 714 Aprilia
1049 635 1120 694 enni
1136 635 1205 698 chr.

27 719 30 754 ⁵
90 724 193 785 1282
211 718 420 798 protenditur:
444 714 628 778 unul-Hei·
641 737 714 780 vero
730 720 855 779 ultimua
872 720 982 780 mentio
1004 720 1074 779 anui
1089 721 1207 782 Arebici

26 809 31 844 ¹
87 804 218 880 viginti
237 823 346 864 novem
364 811 530 882 poetremoa
549 804 613 864 eine
626 805 699 864 anni
713 803 776 864 dier
793 804 944 874 continet,
972 805 1024 883 qui
1038 825 1106 864 cum
1120 815 1205 866 retro

26 893 34 932 t
91 889 259 948 numerati
274 909 291 944 ο
305 893 347 952 10
361 887 472 966 Aprili·
485 887 523 946 ad
541 892 581 953 18
596 889 696 949 Martii
709 889 901 968 perveniunt,
923 889 965 949 ibi
986 887 1123 968 defigunt
1135 910 1207 950 neo-

90 973 237 1032 meniam
252 971 460 1034 unul-unae
502 972 586 1051 prior
609 974 701 1052 igitur
718 973 874 1034 character
894 975 1049 1034 manifecte
1065 977 1207 1056 competit

26 1053 31 1110 i
92 1077 186 1116 anno
205 1057 329 1135 Hegiree
342 1062 416 1124 880.
459 1076 516 1115 nec
531 1056 633 1118 minua
644 1059 799 1120 evidenter
810 1059 957 1139 posterior
972 1059 1065 1121 eidem
1078 1059 1206 1140 adapte-

27 1155 30 1191 t
93 1153 166 1203 tur.
206 1163 276 1201 urm
291 1141 556 1202 vicerimuanonur
572 1143 635 1204 diae
648 1144 759 1220 Martii,
779 1163 866 1223 quem
880 1145 971 1205 tineae
984 1145 1064 1204 diem
1077 1145 1208 1206 Perrhae

27 1240 34 1276 ³
95 1229 294 1288 ostendimur
305 1228 339 1285 in
354 1225 655 1300 aunoCtuieti1282,
668 1229 727 1290 tuit
741 1230 906 1290 neoeaeario
920 1229 1051 1290 decimus
1061 1231 1207 1310 eaptimue

26 1327 32 1366 ι
98 1311 312 1372 Dhul-Haiae
329 1312 438 1372 menaie
456 1313 593 1388 Arabici,
613 1314 759 1392 siquidem
780 1315 806 1372 ia
820 1314 949 1394 incepit,
970 1326 1006 1374 ut
1018 1323 1063 1374 en
1077 1315 1202 1393 dictum,
1218 1323 1241 1376 P
1257 1324 1308 1379 594

27 1413 33 1450 r
99 1418 118 1456 a
132 1398 372 1462 die13Martii.
413 1417 506 1476 porro
526 1398 566 1457 ad
576 1398 655 1458 diem
674 1403 717 1466 29
731 1399 847 1472 Martii,
869 1419 946 1478 queo
965 1399 1203 1460 Peechaedomi·

99 1484 176 1542 uice
192 1483 269 1556 tuit,
290 1483 390 1542 uitreo
404 1482 491 1543 terina
509 1482 671 1562 adiungat,
691 1485 852 1544 recondam
869 1486 986 1544 tertiam
1007 1493 1037 1544 et
1056 1501 1205 1564 quartam·

101 1567 185 1626 hunc
207 1567 344 1646 protecto
365 1567 500 1628 ultimam
520 1567 652 1628 miden
673 1568 877 1648 deprehendes
890 1571 921 1630 in
937 1568 1072 1630 kalendie
1092 1571 1206 1651 Aprili·
1320 1581 1325 1598 t

103 1652 234 1729 tuliani,
254 1653 287 1712 iu
303 1671 377 1729 ques
395 1651 505 1712 incidit
516 1653 674 1714 vicerimua
686 1655 751 1717 dier
767 1653 886 1714 Arebiei
902 1653 1099 1716 Dhul-Heiae.
1130 1676 1202 1733 ergo

27 1764 28 1797 2
105 1738 272 1804 vicerimus
288 1735 494 1797 unul-Hane
512 1759 591 1800 anuo
607 1738 734 1816 Hegiree
747 1742 810 1802 680
833 1738 890 1800 tuit
908 1739 971 1800 diee
987 1739 1127 1800 Mercurii
1141 1742 1205 1808 eive

106 1831 217 1902 quarte
230 1822 321 1898 ferio3
343 1823 475 1900 quierat
493 1823 643 1886 aecundua
661 1822 892 1902 chronologicum
914 1823 1069 1885 character
1083 1845 1204 1900 nonum,

108 1927 170 1986 quo
190 1916 236 1967 eet
257 1907 359 1968 Abeka
377 1917 535 1986 mortuus,
560 1909 733 1988 inrigniene.
776 1929 869 1988 quare
889 1907 971 1970 huno
991 1911 1205 1990 imperatorem

107 1993 327 2070 Moguteoeium
343 2013 403 2051 non
417 2013 496 2052 anno
509 1994 634 2072 Reginae
648 1999 722 2068 681,
743 2003 779 2054 ut
793 2013 951 2074 perperam
965 1995 998 2054 iu
1013 1993 1204 2074 Abotplmra-

107 2079 149 2156 gii
172 2077 320 2138 Chronico
341 2078 497 2153 ecribitur,
532 2079 585 2141 eed
605 2079 794 2159 praecedenti
817 2079 942 2157 Hegiree
964 2083 1028 2146 680
1045 2080 1204 2140 viverere

107 2183 230 2240 regnare
252 2162 373 2222 deaiiaae
395 2163 557 2235 tenendum
577 2183 634 2242 pro
660 2174 744 2224 carto
764 2173 819 2230 eet.
862 2165 941 2224 unde
964 2161 1202 2244 quee'proxime

109 2247 300 2309 mtemnine
309 2246 375 2306 illie
389 2248 534 2310 dicuntur
553 2251 617 2309 eiua
637 2249 754 2310 obitum
768 2249 973 2326 expeditione·
987 2249 1204 2328 Megulenaium

27 2378 28 2383 η
108 2334 142 2392 in
154 2333 271 2412 Syrium
283 2332 375 2407 duee,
395 2334 440 2393 aic
457 2334 662 2394 verisimiliter
674 2333 858 2393 ordinandae
874 2343 955 2410 eunt,
977 2344 1012 2394 ut
1029 2333 1113 2414 prior
1128 2334 1204 2394 duce

109 2417 275 2496 Kungortai
294 2425 401 2497 coepta
423 2438 517 2479 verno
534 2429 668 2500 tempore
688 2419 760 2479 enni
777 2418 903 2496 Hegirae
926 2421 989 2486 679
1014 2417 1114 2481 hieme
1131 2420 1204 2479 enni

109 2506 236 2565 eiusdem
247 2503 434 2566 terminetur.
454 2513 558 2585 postea
571 2524 642 2565 vere
655 2504 728 2565 anni
740 2506 893 2583 aequentir
907 2504 1034 2583 Hegiree
1042 2508 1115 2580 680,
1124 2524 1202 2563 nun-

109 2591 180 2649 tiata
190 2608 267 2649 nova
279 2591 426 2668 Syrorum
440 2589 616 2668 deiectione,
628 2610 663 2651 eo
671 2590 928 2669 MungoTimurue
938 2590 1204 2651 minimueebakae

110 2676 282 2736 fraternum
296 2675 432 2733 exercitu
447 2675 665 2755 Moguleoaium
683 2676 899 2755 quinquaginta
917 2674 1045 2735 millium
1060 2675 1201 2749 moverit,

110 2759 216 2821 hebeno
240 2769 393 2839 praetereo
410 2779 510 2821 recum
531 2759 655 2821 aocielee
678 2760 875 2819 Armenorum
897 2757 1019 2837 copiae,
1050 2776 1120 2835 rege
1135 2758 1202 2837 ipro

112 2845 261 2905 Armeniae
271 2844 422 2904 ductante.
463 2843 496 2904 hi
516 2844 607 2904 eimnl
627 2863 730 2903 omnen
744 2863 814 2903 cum
829 2841 913 2922 Syrie
933 2850 964 2901 et
977 2842 1131 2921 Aegyptiis
1145 2842 1203 2901 du·

110 2930 158 2989 bio
181 2930 273 2989 Marte
293 2930 373 2989 inter
394 2929 518 2989 Hamam
538 2940 568 2990 et
579 2929 734 2987 Hemonam
750 2926 963 2996 conflixerunt.
1005 2924 1076 2985 inde
1089 2925 1200 3004 Muuga

111 3014 246 3077 Timurue
261 3034 292 3074 ae
307 3014 344 3073 ad
366 3014 498 3076 Abnkem
520 3014 668 3093 recipienr
690 3032 761 3071 cum
778 3012 811 3071 in
836 3010 1079 3093 Meropotrmiam
1093 3030 1200 3092 perve-

111 3100 215 3174 nirent,
236 3099 278 3157 ibi
296 3120 333 3159 ex
355 3119 470 3159 veneno
493 3120 548 3179 per
567 3099 704 3160 fraudem
726 3098 889 3178 propinato
914 3098 946 3155 in
965 3094 1072 3155 itinere
1096 3116 1200 3157 vereua

111 3185 219 3255 Nisibin
232 3185 456 3262 extinctorem,
479 3184 650 3246 eorumdem
663 3182 804 3243 videlieet
824 3182 941 3245 ineidiia
955 3181 1008 3260 qui
1024 3201 1092 3251 uon,
1103 3182 1199 3241 multo

111 3280 175 3349 port
197 3268 329 3329 Abekam
347 3269 447 3349 iprum
468 3271 536 3350 peri
549 3271 663 3331 scetere
676 3289 713 3328 ac
727 3268 798 3327 dolo
813 3275 1020 3347 peremerunt:
1040 3285 1111 3325 nem
1125 3264 1199 3327 effe·

112 3365 173 3415 ctue
184 3364 242 3415 tum
252 3354 362 3434 gemini
378 3365 459 3415 recte
470 3354 522 3415 uni
537 3365 568 3415 et
580 3355 678 3415 eidem
693 3354 880 3432 imputentur
893 3370 1008 3425 muare,
1030 3350 1100 3411 odio
1120 3370 1199 3430 quo-

111 3440 240 3501 rumdem
257 3440 483 3501 coniuratorum
494 3442 528 3499 in
539 3440 659 3500 Abrkee
673 3439 805 3501 domum.
847 3446 879 3499 at
902 3436 941 3499 de
963 3436 1011 3497 hir
1032 3456 1089 3517 pro
1107 3435 1200 3497 inati-

111 3534 171 3585 tuto
203 3526 252 3584 lue
265 3524 346 3585 aetia.

183 3546 252 3669 div.
294 3610 416 3669 Abokae
440 3619 560 3668 mortuo
579 3607 724 3669 succeseit
740 3607 804 3669 ciue
826 3608 985 3669 inridiutor
1003 3603 1151 3667 Ahmedea
1167 3612 1197 3663 et

111 3694 170 3775 ipre
185 3695 263 3755 filine
286 3694 424 3768 Euhion,
451 3694 505 3753 sed
528 3693 586 3752 alie
607 3703 702 3753 metro
722 3702 825 3766 natue,
854 3714 971 3773 exque
991 3700 1198 3770 praeterquam

63 3782 70 3796 “
111 3781 291 3841 novercalem
304 3779 337 3839 in
359 3778 491 3838 Abekem
505 3780 637 3839 animum
657 3776 776 3838 trehere
790 3779 908 3859 potuit,
929 3777 1018 3837 etiem
1035 3773 1197 3835 instinctor

111 3864 221 3925 ridetur
235 3864 272 3923 ad
284 3866 410 3927 eundem
424 3864 558 3923 Abakem
571 3863 757 3943 perdendum
774 3864 844 3923 odio
863 3862 1048 3923 Christianae
1067 3855 1197 3936 religio-

111 3950 169 4024 nis,
187 3948 271 4009 cuiue
287 3952 435 4009 cultorem
449 3950 540 4010 fuine
556 3949 688 4008 tomam
709 3948 790 4009 clere
807 3948 935 4009 affirmat
949 3943 1196 4023 Abulphrrugiue,

112 4034 176 4093 dum
192 4054 256 4093 eum
273 4036 436 4095 celebraeae
447 4037 558 4095 sertum
573 4033 704 4095 Paschae
720 4053 782 4093 une
802 4053 869 4093 cum
892 4028 1068 4093 Christianis
1082 4028 1196 4093 ecribit.

110 4116 191 4178 huim
209 4118 350 4179 Ahmedie
371 4129 437 4179 octa
455 4119 643 4200 principatur
664 4118 763 4179 omnin
785 4118 960 4197 rediguntur
970 4118 1002 4174 in
1015 4134 1106 4173 unam
1120 4134 1196 4193 pro-

111 4204 194 4263 lixum
212 4205 367 4283 epistolem
388 4206 422 4265 in
442 4204 732 4281 commendationem
752 4202 897 4263 Alcoreni
916 4212 946 4261 et
973 4198 1195 4279 superstitionie

111 4288 311 4353 Mrhometicee
331 4292 370 4351 ed
389 4290 543 4351 Sultanem
563 4290 693 4370 Aegypti
711 4286 872 4367 ecriptem,
900 4306 988 4365 quam
1003 4283 1195 4365 Abulpharu-

111 4374 169 4451 gine
186 4374 308 4452 recitat,
335 4376 481 4437 continuo
504 4375 636 4437 referem
663 4373 868 4452 indulgentem
895 4370 1057 4433 Ahmedem
1080 4369 1194 4431 dudum
