3009 4900
380 322 460 391 ΠΒ.
482 321 542 398 Ill.
595 325 965 402 ctfflottotoutcus.
1151 337 1227 412 847

25 525 35 562 ι
112 480 194 573 23¹2}
229 479 353 575 alm
370 483 496 580 Ἓξ*
532 489 640 552 bento
665 493 730 560 ku.
757 495 819 557 len.
844 499 915 560 enni
937 503 1087 582 requentie
1115 505 1226 570 chnut

243 583 338 646 titlum.

374 743 486 867 ullu.

425 880 447 946 4

532 581 624 654 1298,
646 590 764 661 reperte
784 593 852 644 eunt
871 584 982 668 ecriptu
1003 587 1040 644 ub
1054 587 1226 670 Athanasio,

529 672 687 742 antequem
710 667 915 746 patriarchatu
935 671 1073 749 cederet,
1098 693 1225 756 compo-

527 745 584 807 nite
603 758 631 808 et
645 750 813 828 recondite,
836 753 943 833 quibus
957 757 1111 818 methema
1127 761 1225 820 iutor-

528 834 638 912 quebet
649 835 682 894 in
695 837 751 896 ribi
764 837 970 902 edverurntes.
996 841 1105 904 luorum
1121 845 1225 907 lectio-

527 937 566 977 ne
579 918 707 980 turbatio
715 923 886 1002 patriarche
900 936 930 986 et
944 926 1140 1008 imperatore,
1154 951 1225 990 con-

526 1013 634 1064 rentuc
654 1006 719 1086 ipre
738 1010 947 1088 expatriarcha
969 1013 1147 1074 Athanasius
1166 1036 1225 1075 no-

524 1107 597 1148 vum
606 1091 752 1171 scriptum
767 1094 861 1172 dedit,
874 1115 933 1175 qno
944 1096 996 1158 illa
1005 1099 1108 1180 prioru
1124 1121 1226 1162 omen-

525 1172 615 1233 dnbet
627 1185 679 1235 eut
694 1179 861 1242 revocabat.
903 1182 925 1246 1.
939 1187 959 1248 8
972 1204 1000 1244 c.
1013 1183 1065 1251 24.

567 1275 691 1337 loannes
705 1277 903 1341 Tarchoniotu
912 1284 1044 1347 mittitur
1056 1306 1122 1347 cnm
1136 1303 1223 1348 exer-

528 1359 596 1420 citu
618 1363 656 1422 ed
681 1361 807 1424 limitem
829 1367 947 1447 imperii
965 1369 1146 1432 &mendum
1172 1374 1226 1432 ed-

523 1465 628 1506 verene
647 1448 743 1508 minoe
763 1460 792 1510 ot
811 1449 998 1515 incursiones
1019 1456 1226 1518 Tocharorum

523 1527 725 1594 Triballorum
743 1536 905 1598 Serbcmm
921 1549 951 1598 et
965 1541 1139 1616 Persarum
1162 1563 1223 1622 qno

523 1615 556 1674 in
569 1617 688 1696 negotio
711 1621 875 1702 prudenter
889 1631 920 1684 et
933 1633 1054 1687 etrenue
1073 1639 1223 1691 verentur.

522 1701 683 1769 tuero.

568 1798 698 1862 michael
719 1801 909 1868 Constantini
932 1808 1003 1869 clim
1024 1813 1103 1890 regie
1116 1812 1224 1891 Bulge·

524 1886 586 1948 rice
600 1899 630 1949 et
653 1889 765 1951 Murice
788 1892 955 1954 Andronici
976 1898 1225 1958 conuobrineefi·

523 1972 583 2032 liue
601 1972 638 2032 ub
653 1974 715 2035 hoc
726 1977 858 2038 mittitur
870 1979 907 2038 ed
920 1983 1158 2061 recuperandum
1172 2005 1224 2064 pc-

524 2067 643 2118 ternum
652 2081 792 2140 reguum:
808 2063 999 2125 eedlectione
1014 2067 1224 2148 illioOcplren·

524 2139 664 2204 tietlrlebi
685 2147 893 2225 praevalente,
925 2151 1067 2213 exclucue
1087 2153 1225 2216 Ternobo

525 2230 742 2294 circumerrat,
784 2233 809 2295 l.
827 2238 847 2298 3
862 2239 953 2300 c.26.

571 2331 726 2392 Diluvium
740 2333 908 2416 perniciore
918 2335 1067 2397 inundent
1082 2357 1118 2398 ex
1130 2337 1227 2400 imbre

524 2411 691 2477 vehementi
709 2427 739 2479 et
761 2415 868 2498 longo,
897 2421 946 2481 die
966 2425 1007 2489 29
1036 2422 1163 2503 Augusti
1176 2445 1227 2485 ce·

525 2502 630 2578 dente,
653 2502 775 2563 videtur
789 2502 849 2565 hoc
860 2527 939 2567 enno
953 2508 1131 2589 contigioue,
1153 2530 1227 2571 ner-

525 2596 625 2646 ratum
647 2587 668 2646 l.
682 2592 701 2654 3
714 2610 741 2650 c.
756 2587 808 2655 27.

570 2788 700 2847 Ioenuec
728 2790 886 2849 Lucerum·
913 2788 1054 2869 princepe
1088 2794 1227 2871 moritur,

529 2870 708 2931 succedente
720 2872 766 2931 illi
782 2873 846 2932 filio
861 2874 977 2933 Alexio.
1019 2874 1039 2934 l.
1057 2880 1119 2943 Sc.
1133 2882 1184 2941 29.

570 2955 696 3015 Matrem
708 2952 799 3017 huius
810 2958 973 3019 Eudoeiem
985 2978 1002 3019 ι
1017 2960 1076 3021 viri
1084 2962 1227 3023 morteud

529 3040 652 3099 lretrem
670 3041 878 3103 Andronicum
901 3044 1112 3124 imperatorem
1147 3066 1226 3127 pro·-

528 3126 638 3185 fectem
649 3125 700 3185 lu‘o
712 3127 860 3189 collucere
873 3129 946 3190 creli
961 3130 1082 3192 serbis·
1106 3132 1226 3212 cogitet.

526 3210 547 3270 l.
561 3214 583 3277 3
599 3232 624 3275 c.
637 3216 689 3278 80.

568 3292 695 3358 Ioannou
706 3292 822 3359 Veccue
832 3296 903 3357 olim
912 3298 1083 3380 patriarche
1098 3300 1227 3363 moritur

527 3382 696 3443 incarcere
723 3384 804 3464 apud
824 3403 919 3444 urcem
944 3386 974 3446 S.
995 3386 1149 3467 Gregorii,
1172 3389 1226 3449 rub

526 3466 617 3526 linem
630 3466 737 3529 Martii.
781 3468 802 3532 l.
820 3473 840 3533 3
857 3490 882 3533 c.
897 3474 948 3536 29.

569 3552 705 3612 Endocin
718 3553 749 3611 in
761 3555 908 3614 viduitate
920 3565 1051 3636 poretere
1062 3566 1142 3619 certa
1153 3578 1226 3618 con·

527 3636 655 3697 nubium
672 3638 760 3697 crelin
774 3640 893 3702 Serbiee
904 3652 1032 3703 recurat.
1069 3642 1092 3705 l.
1107 3650 1127 3708 3
1140 3665 1164 3703 c.
1173 3648 1224 3708 80.

572 3723 614 3784 En
627 3742 681 3803 epe
696 3723 827 3786 delectur
848 3726 1038 3787 Andronicus
1051 3728 1227 3805 imperetur,

530 3827 598 3867 cum
622 3810 820 3871 neceesarium
846 3822 967 3891 putaret
987 3812 1141 3873 devincire
1169 3814 1225 3873 eibi

529 3893 639 3953 crelem
658 3894 803 3955 effinitete
822 3896 944 3973 intime,
965 3897 1119 3977 proprium
1135 3898 1224 3957 lilium

526 3978 725 4056 Simonidem,
750 4000 812 4039 non
834 3980 960 4040 multum
986 3984 1110 4041 cexenui
1129 3984 1225 4043 meio-

524 4082 609 4139 rem,
632 4064 690 4144 ipei
711 4063 802 4125 offert
816 4066 850 4123 in
868 4085 1016 4143 eponeem.
1058 4067 1080 4131 1.
1096 4072 1116 4133 8
1134 4088 1161 4131 c.
1177 4074 1228 4135 31.

568 4148 751 4229 Theopheno
772 4170 858 4209 eoror
880 4150 991 4213 Murice
1013 4153 1150 4232 coniugio
1171 4154 1226 4213 Mi-

525 4231 637 4293 chaelie
648 4236 774 4313 Augusti
789 4234 925 4313 iuniorie‚
947 4236 1107 4298 Theodoro
1124 4239 1227 4298 nomi·

525 4326 594 4379 nete
616 4320 650 4379 in
670 4320 974 4384 memoriummutrie
999 4323 1166 4385 Andronici
1183 4322 1225 4383 ric
