3009 4900
462 273 543 344 tut.
564 273 591 342 t.
643 273 919 346 ctosstttttttt.
1170 279 1245 352 695

222 432 380 521 'static
402 433 623 522 ὖιιφιρόιιινος
635 471 678 487 -
687 433 824 516 dtatods
846 437 880 504 iv
892 439 1081 524 κλοβῷ-Ρ.
1098 443 1159 512 166
1171 465 1199 506 ι.
1213 450 1245 510 2.

121 527 179 586 ita
203 526 296 587 codd.
313 527 337 584 B
353 535 385 584 ot
397 525 434 584 Δ.
453 525 614 586 Vaticanus
633 527 732 587 solum
746 525 838 588 habat
862 521 1080 608 ἐπιφερόμενος
1104 527 1246 606 asciando

120 613 339 694 κατακρίτους
359 611 500 691 δεσμίους
519 607 572 674 κᾶν
595 606 729 690 aidstpdv
748 611 801 676 sod
813 605 863 676 siv
876 604 1164 694 Στρατηγόπουλσν,
1185 635 1244 676 vo-

122 717 206 756 cem
228 699 360 777 κλοβοιῑ,
389 707 424 756 ut
444 696 561 774 rsliqus
581 697 657 757 solet
680 717 756 776 quac
771 717 831 756 uon
847 695 1007 774 iutelligit,
1028 697 1185 774 omittens;
1209 702 1243 760 in

122 801 199 860 quo
215 801 279 842 nou
294 781 390 842 sotum
403 782 523 842 mutilat
536 782 714 842 senteutiam
727 781 867 856 auctoris,
888 782 940 846 scd
951 783 1119 862 corrumpit
1132 793 1162 843 ct
1173 801 1244 864 pcr-

121 867 253 943 vcrtit,
280 867 393 928 taciens
411 875 446 926 ut
467 866 614 926 sturmus
634 866 831 947 Pachymcrcs
854 867 1008 944 videatur,
1038 867 1120 946 quod
1140 869 1244 948 potius

124 960 266 1032 apparot
288 951 389 1030 ipsum
409 952 546 1018 studioso
564 971 673 1031 nogara
702 954 851 1028 voluisse,
879 971 986 1032 ncmps
1012 952 1244 1019 Constantinum
1304 988 1309 1008 t

122 1036 434 1118 Porphyrogcnitum
449 1056 466 1095 a
480 1038 573 1098 fratrc
587 1038 723 1115 Augusto
739 1039 876 1108 vinctum
890 1037 1053 1100 abductum
1064 1059 1128 1102 non
1143 1039 1243 1104 suiuus

126 1143 231 1201 quam
244 1121 496 1202 Stratcgopulum,
518 1143 587 1182 cum
602 1123 684 1183 intur
695 1143 745 1183 sos
759 1120 921 1184 historicus
931 1123 1091 1185 discrimen
1105 1121 1242 1188 habitum

126 1218 236 1286 ponat
259 1206 450 1283 huiusmodi,
485 1217 520 1268 ut
549 1209 775 1287 Stratcgopulus
792 1208 914 1288 quidum
934 1208 1043 1286 ligatus
1064 1209 1241 1290 deportatus

127 1293 250 1368 fucrit,
271 1292 483 1362 Constantinus,
505 1311 579 1354 vcro
603 1314 658 1374 pro
679 1292 849 1354 reverantia
866 1294 1011 1358 natalium
1024 1293 1155 1356 vinculis
1168 1297 1241 1375 qui-

130 1377 209 1438 dam
229 1378 376 1454 caruerit,
405 1377 459 1438 ssd
479 1378 514 1438 iu
532 1387 618 1458 sspto
642 1377 790 1440 clathrata
806 1385 864 1457 aut
882 1398 989 1454 carm,
1018 1379 1102 1440 valut
1121 1399 1239 1442 carcerc

128 1464 295 1543 portatili,
315 1464 355 1524 sit
366 1471 505 1540 putatus.
548 1464 762 1527 consideranda
779 1462 866 1524 nohis
880 1462 1020 1544 deinceps
1036 1473 1081 1528 ast
1096 1484 1156 1532 vox
1168 1469 1239 1532 nln-

129 1541 209 1629 βός,
231 1569 321 1628 quant
336 1547 388 1608 alii
404 1541 550 1630 κλουβὸκ,
570 1549 623 1610 alii
634 1543 756 1630 κλοβόν
769 1550 917 1610 scribunt.
963 1569 1026 1608 casn
1045 1559 1127 1610 rccts
1140 1550 1238 1612 intar-

126 1643 274 1712 prstatur
288 1633 341 1696 hic
362 1643 466 1700 nostor
485 1629 607 1716 siparia
625 1627 783 1717 φορηιήκ,
811 1653 958 1694 carcerem
965 1635 1161 1713 portatilem,
1183 1634 1237 1696 de-

126 1719 254 1779 finiens.
296 1728 344 1780 cst
363 1719 460 1796 cuim,
489 1727 526 1782 ut
545 1720 660 1798 glossas
681 1728 799 1782 astares
821 1720 949 1796 docent,
983 1716 1100 1802 κλωβός
1122 1741 1236 1796 cnvea3

128 1804 216 1864 undo
239 1814 285 1866 ost
307 1803 522 1866 diminutivum
539 1806 672 1887 κλωβίοκ
691 1805 873 1868 mennatum
889 1825 905 1862 a
928 1803 1089 1866 scholiaste
1105 1803 1236 1884 Oppiani

128 1887 214 1950 inter
223 1890 421 1951 instrumenta
434 1888 606 1970 piscatoria.
646 1891 739 1968 igitur
757 1889 926 1961 vehiculum
941 1887 1093 1968 quoddam
1107 1899 1159 1948 aut
1173 1890 1236 1948 ccl-

130 1973 195 2034 lam
207 1977 260 2036 vel
279 1975 418 2036 lecticam
443 1976 634 2053 gestatoriam
647 1975 824 2036 clathratam
847 1974 898 2034 hic
914 1973 1075 2052 significari
1088 1973 1235 2044 vocabulo

130 2061 248 2140 κλυβοῦ
262 2070 406 2141 apparet,
428 2080 490 2139 quo
510 2069 578 2122 tuto
591 2059 767 2139 deportatus
781 2062 820 2120 sit
831 2058 1005 2140 Nymphaeo
1021 2059 1235 2134 Constantino-

130 2144 241 2223 polim,
261 2147 337 2206 citra
349 2145 483 2222 vincula,
503 2144 791 2227 Porphyrogcnitns,
811 2155 895 2226 septo
909 2143 1077 2224 prohibitus
1093 2144 1233 2222 effugare,

131 2237 298 2308 utcumque
323 2232 435 2292 catanis
460 2231 546 2292 libor.
596 2232 714 2312 uaporis
748 2242 848 2290 tamon
876 2230 915 2290 sd
943 2231 1100 2290 mulierum
1126 2249 1232 2308 usum,

135 2334 209 2393 quas
229 2317 345 2376 clausas
366 2314 469 2378 haberi
489 2315 528 2374 ad
551 2336 641 2376 sexus
651 2315 798 2376 honorem
809 2315 940 2398 pertinet
947 2359 956 2392 ,
977 2313 1146 2376 adhibitum
1162 2335 1233 2382 car-

132 2400 219 2480 pouti
240 2419 334 2481 ganas
352 2398 483 2484 κλουβόκ
501 2413 726 2483 nuncupatum,
753 2401 895 2471 cancellis
913 2400 1054 2461 videlicet
1072 2401 1232 2464 munitum.

132 2486 165 2545 id
183 2485 274 2547 docst
289 2488 414 2550 loauuas
431 2489 572 2564 Trotzas,
601 2488 674 2551 dum
697 2488 832 2549 chiliade
851 2488 880 2555 6·
901 2506 934 2567 p.
955 2490 997 2551 90
1017 2486 1062 2547 sd.
1084 2488 1170 2549 Basii.
1184 2507 1230 2548 au.

134 2570 214 2635 1545
226 2573 265 2631 da
275 2574 342 2635 avia
364 2593 418 2631 suu
431 2582 586 2651 memorat,
607 2575 672 2654 puri
685 2594 748 2633 cam
764 2573 855 2634 fuisso
868 2571 983 2632 honoro
996 2572 1146 2649 dignatam
1161 2590 1232 2635 cum

132 2657 189 2715 ulis
203 2658 346 2737 primaria
365 2659 495 2733 tamisa,
522 2658 556 2717 iu
575 2660 701 2719 cundem
716 2680 787 2719 cum
798 2659 851 2717 illa
863 2650 1010 2735 odontitis,
1031 2656 1089 2715 hoc
1103 2664 1148 2716 est
1163 2674 1231 2727 mu-

132 2740 223 2802 lishro
242 2752 418 2824 carpentum
434 2744 576 2804 concollis
597 2743 796 2818 clathratum,
816 2741 997 2820 impositum.
1039 2739 1129 2804 istum
1140 2742 1230 2821 cuim,

133 2827 166 2886 ni
178 2828 285 2904 fallor,
309 2827 400 2887 habat
409 2828 586 2890 tentantium
596 2829 650 2889 itta
662 2827 779 2893 Tsotsis
791 2845 895 2885 vorsus

298 2912 442 2994 icosspciv
462 2912 579 2995 scirpi
599 2907 683 2997 αὐτῷ
702 2912 823 2994 κλουβῷ
843 2900 1076 2999 cucuphatem.

215 2998 462 3079 aoppipssov
487 3020 519 3079 p.
539 2998 602 3066 448
623 3017 654 3058 ι.
676 2998 725 3062 tt.
777 2995 988 3061 commercium
1015 2993 1150 3053 Latinam
1169 3012 1228 3065 ιθ,-

136 3100 196 3141 cem
213 3083 333 3144 Graecia
345 3082 405 3143 hoc
422 3085 491 3145 loco
512 3084 656 3163 scriptam
680 3081 774 3143 literis
788 3089 896 3143 auctor
917 3078 1054 3156 adhibet,
1076 3098 1114 3145 ex
1129 3080 1228 3151 multo

135 3165 247 3226 scilicet
260 3187 328 3229 cuna
345 3168 555 3233 Genusnsibus
574 3168 688 3233 latinia
703 3187 761 3229 usu
784 3165 904 3231 Graecis
920 3184 1041 3245 quoquo
1053 3161 1229 3244 Byzantinis

135 3251 278 3315 usitatam.

212 3332 256 3401 κη’
261 3362 282 3400 κ
291 3360 364 3403 cos.
404 3338 439 3397 in
453 3336 550 3418 priori
564 3338 716 3407 Glossario
730 3336 814 3417 quod
826 3334 891 3411 dixi
904 3332 1015 3399 adhoc
1032 3331 1224 3414 vocabulum,
1241 3357 1264 3413 p
1281 3356 1332 3423 ιω

138 3423 277 3483 confessio
293 3424 394 3503 potius
405 3423 463 3483 tuit
477 3423 662 3503 ignorantiae
677 3442 760 3485 meaa
778 3442 865 3501 quam
884 3420 966 3491 vocis
989 3419 1157 3501 propositae
1170 3418 1224 3477 de·
1298 3426 1301 3433 '

136 3508 258 3567 claratio.
299 3510 354 3567 lux
370 3508 479 3569 deindo
497 3508 572 3569 mihi
592 3508 737 3587 quandam
758 3528 774 3567 ι
797 3507 894 3569 coecis
908 3505 1031 3567 affulsit.
1072 3503 1227 3571 coniuctu-

136 3612 195 3651 ram
211 3594 282 3662 indo
293 3592 414 3660 ductam
425 3592 479 3655 hic
494 3594 624 3655 obnoxio
633 3613 771 3674 propono
786 3592 944 3673 prudentis
961 3589 1075 3657 iudicio
1090 3588 1226 3663 lectoria,

138 3686 165 3736 ct
175 3676 209 3737 dc
220 3699 254 3739 ro
265 3680 332 3758 ipsa
347 3688 378 3739 ct
394 3679 433 3738 ds
450 3678 622 3759 suspicions
642 3700 706 3737 mea
720 3678 844 3759 pinnum
866 3677 893 3735 ci
907 3675 1065 3736 arbitrium
1076 3672 1222 3745 tribuunt.

139 3782 200 3823 cum
212 3763 341 3843 loger-cm
354 3764 388 3823 in
401 3762 460 3823 hac
473 3764 605 3828 secunda
625 3763 771 3828 historiae
784 3760 1032 3839 Panhymerinnae
1045 3767 1144 3839 parts,
1161 3756 1185 3819 l.
1199 3754 1221 3821 4

138 3866 162 3907 c.
172 3852 201 3922 2,
213 3849 329 3929 saspins
342 3850 501 3910 memorari
516 3846 652 3926 τυφλοῦς
663 3842 825 3929 promotis,
846 3846 880 3905 in
894 3866 956 3905 etm
971 3843 1141 3924 opinionem
1153 3860 1222 3913 mm

137 3932 291 4011 mussans,
311 3935 430 3995 cosdem
442 3935 508 3994 illic
521 3933 682 4011 significari
696 3934 751 4013 qui
771 3933 834 4001 vol.
853 3930 912 4011 lp.
930 3929 992 3996 489
1013 3948 1043 3987 v.
1056 3932 1096 3993 16
1117 3920 1221 3997 κόκκοι

20 4042 23 4053 ’
138 4019 252 4099 parazol
271 4040 289 4078 s
309 4020 492 4099 Pschymsra
507 4029 666 4083 vocantur.
708 4027 789 4079 corte
811 4024 877 4083 toto
894 4014 949 4074 illo
970 4012 1067 4093 capita
1081 4010 1219 4097 suompla

138 4104 372 4165 sxcoocationum
394 4105 557 4165 crudeliter
573 4105 676 4166 multis
697 4105 851 4165 illaturum
881 4104 1083 4179 congeruntur
1107 4096 1218 4173 muita5

137 4196 280 4269 postquaa
293 4189 398 4251 subdit
409 4198 516 4249 auctor
532 4192 587 4251 suh
597 4191 686 4251 finem
702 4187 810 4269 capitis
824 4204 854 4247 v.
873 4186 913 4257 16
932 4177 1063 4281 κόκκους
1078 4178 1111 4248 di
1128 4205 1220 4264 μονα-

138 4269 198 4352 χοδς
209 4274 261 4339 sui
271 4271 344 4351 rodo
356 4269 428 4341 κατ’
441 4274 559 4341 ἐκεῖνον
570 4275 623 4343 iai.
655 4276 707 4337 ubi
723 4268 851 4339 relativo
868 4270 986 4343 ἐκεῖνον
1000 4267 1154 4349 indigitari
1168 4266 1219 4331 vel
