<?xml version="1.0" encoding="UTF-8"?>
<!DOCTYPE html PUBLIC "-//W3C//DTD XHTML 1.0 Transitional//EN"
    "http://www.w3.org/TR/xhtml1/DTD/xhtml1-transitional.dtd">
<html xmlns="http://www.w3.org/1999/xhtml" xml:lang="en" lang="en">
 <head>
  <title>
</title>
<meta http-equiv="Content-Type" content="text/html;charset=utf-8" />
  <meta name='ocr-system' content='tesseract 3.04.00' />
  <meta name='ocr-capabilities' content='ocr_page ocr_carea ocr_par ocr_line ocrx_word'/>
</head>
<body>
  <div class='ocr_page' id='page_1' title='image "./corpusscriptoru69theogoog/corpusscriptoru69theogoog_0821.png"; bbox 0 0 3009 4900; ppageno 0'>
   <div class='ocr_carea' id='block_1_1' title="bbox 247 283 1040 362">
    <p class='ocr_par' dir='ltr' id='par_1_1' title="bbox 247 283 1040 362">
     <span class='ocr_line' id='line_1_1' title="bbox 247 283 1040 362; baseline -0.011 1"><span class='ocrx_word' id='word_1_1' title='bbox 247 289 321 362; x_wconf 71' lang='lat'>814</span> <span class='ocrx_word' id='word_1_2' title='bbox 543 285 778 356; x_wconf 73' lang='lat' dir='ltr'>observet.</span> <span class='ocrx_word' id='word_1_3' title='bbox 803 283 1040 356; x_wconf 68' lang='lat' dir='ltr'>esuum</span> 
     </span>
    </p>
   </div>
   <div class='ocr_carea' id='block_1_2' title="bbox 235 443 1483 4371">
    <p class='ocr_par' dir='ltr' id='par_1_2' title="bbox 245 443 1429 1283">
     <span class='ocr_line' id='line_1_2' title="bbox 245 443 1411 536; baseline -0.013 -18"><span class='ocrx_word' id='word_1_4' title='bbox 245 457 456 518; x_wconf 80' lang='lat' dir='ltr'>Turcomenno</span> <span class='ocrx_word' id='word_1_5' title='bbox 477 455 630 536; x_wconf 79' lang='lat' dir='ltr'>praelecto</span> <span class='ocrx_word' id='word_1_6' title='bbox 645 451 783 533; x_wconf 64' lang='lat' dir='ltr'>Aegypti.</span> <span class='ocrx_word' id='word_1_7' title='bbox 824 451 928 513; x_wconf 72' lang='grc' dir='ltr'>οοᾶιω</span> <span class='ocrx_word' id='word_1_8' title='bbox 945 471 1026 510; x_wconf 86' lang='lat' dir='ltr'>enno</span> <span class='ocrx_word' id='word_1_9' title='bbox 1047 445 1313 510; x_wconf 73' lang='lat' dir='ltr'>Menkakases</span> <span class='ocrx_word' id='word_1_10' title='bbox 1339 443 1411 501; x_wconf 81' lang='lat' dir='ltr'>Ksas</span> 
     </span>
     <span class='ocr_line' id='line_1_3' title="bbox 245 531 1417 620; baseline -0.014 -18"><span class='ocrx_word' id='word_1_11' title='bbox 245 559 404 620; x_wconf 87' lang='lat' dir='ltr'>supremus</span> <span class='ocrx_word' id='word_1_12' title='bbox 423 541 587 620; x_wconf 82' lang='lat' dir='ltr'>imperetor</span> <span class='ocrx_word' id='word_1_13' title='bbox 601 537 820 617; x_wconf 70' lang='lat' dir='ltr'>Megalenrium</span> <span class='ocrx_word' id='word_1_14' title='bbox 834 537 946 618; x_wconf 84' lang='lat' dir='ltr'>proelio</span> <span class='ocrx_word' id='word_1_15' title='bbox 963 536 1133 596; x_wconf 80' lang='lat' dir='ltr'>adeersum</span> <span class='ocrx_word' id='word_1_16' title='bbox 1163 550 1318 610; x_wconf 76' lang='lat' dir='ltr'>regern</span> <span class='ocrx_word' id='word_1_17' title='bbox 1336 531 1417 586; x_wconf 72' lang='lat' dir='ltr'>Ssu-</span> 
     </span>
     <span class='ocr_line' id='line_1_4' title="bbox 245 615 1423 702; baseline -0.013 -14"><span class='ocrx_word' id='word_1_18' title='bbox 245 627 314 688; x_wconf 79' lang='lat' dir='ltr'>rum</span> <span class='ocrx_word' id='word_1_19' title='bbox 329 627 519 686; x_wconf 73' lang='lat' dir='ltr'>rebellantem</span> <span class='ocrx_word' id='word_1_20' title='bbox 534 625 691 684; x_wconf 85' lang='lat' dir='ltr'>commisso</span> <span class='ocrx_word' id='word_1_21' title='bbox 705 624 809 702; x_wconf 77' lang='lat' dir='ltr'>ugitta</span> <span class='ocrx_word' id='word_1_22' title='bbox 823 623 902 684; x_wconf 88' lang='lat' dir='ltr'>ictus</span> <span class='ocrx_word' id='word_1_23' title='bbox 916 621 1070 681; x_wconf 86' lang='lat' dir='ltr'>occubuit.</span> <span class='ocrx_word' id='word_1_24' title='bbox 1113 619 1177 680; x_wconf 76' lang='lat' dir='ltr'>de</span> <span class='ocrx_word' id='word_1_25' title='bbox 1201 615 1341 677; x_wconf 73' lang='lat' dir='ltr'>hesino</span> <span class='ocrx_word' id='word_1_26' title='bbox 1353 635 1423 674; x_wconf 76' lang='lat' dir='ltr'>sec·</span> 
     </span>
     <span class='ocr_line' id='line_1_5' title="bbox 246 705 1425 788; baseline -0.011 -16"><span class='ocrx_word' id='word_1_27' title='bbox 246 712 382 772; x_wconf 66' lang='lat' dir='ltr'>ursione</span> <span class='ocrx_word' id='word_1_28' title='bbox 396 711 559 772; x_wconf 85' lang='lat' dir='ltr'>interduos</span> <span class='ocrx_word' id='word_1_29' title='bbox 576 711 639 770; x_wconf 87' lang='lat' dir='ltr'>eius</span> <span class='ocrx_word' id='word_1_30' title='bbox 655 709 763 770; x_wconf 81' lang='lat' dir='ltr'>iratres</span> <span class='ocrx_word' id='word_1_31' title='bbox 781 729 835 788; x_wconf 83' lang='lat' dir='ltr'>per</span> <span class='ocrx_word' id='word_1_32' title='bbox 854 729 949 766; x_wconf 85' lang='lat' dir='ltr'>annos</span> <span class='ocrx_word' id='word_1_33' title='bbox 974 707 1043 766; x_wconf 83' lang='lat' dir='ltr'>inde</span> <span class='ocrx_word' id='word_1_34' title='bbox 1059 705 1294 765; x_wconf 70' lang='lat' dir='ltr'>octodecim</span> <span class='ocrx_word' id='word_1_35' title='bbox 1320 711 1425 760; x_wconf 77' lang='lat' dir='ltr'>certe-</span> 
     </span>
     <span class='ocr_line' id='line_1_6' title="bbox 245 788 1428 872; baseline -0.012 -14"><span class='ocrx_word' id='word_1_36' title='bbox 245 807 312 858; x_wconf 87' lang='lat' dir='ltr'>tum</span> <span class='ocrx_word' id='word_1_37' title='bbox 326 806 378 872; x_wconf 88' lang='lat' dir='ltr'>est,</span> <span class='ocrx_word' id='word_1_38' title='bbox 400 795 609 856; x_wconf 70' lang='lat' dir='ltr'>succumbente</span> <span class='ocrx_word' id='word_1_39' title='bbox 621 794 749 872; x_wconf 85' lang='lat' dir='ltr'>denique</span> <span class='ocrx_word' id='word_1_40' title='bbox 762 804 793 854; x_wconf 89' lang='lat' dir='ltr'>et</span> <span class='ocrx_word' id='word_1_41' title='bbox 804 794 910 854; x_wconf 82' lang='lat' dir='ltr'>cedere</span> <span class='ocrx_word' id='word_1_42' title='bbox 920 801 1025 852; x_wconf 83' lang='lat' dir='ltr'>coscto</span> <span class='ocrx_word' id='word_1_43' title='bbox 1037 791 1226 869; x_wconf 68' lang='lat' dir='ltr'>esgsuga</span> <span class='ocrx_word' id='word_1_44' title='bbox 1247 796 1356 846; x_wconf 76' lang='lat' dir='ltr'>nasu</span> <span class='ocrx_word' id='word_1_45' title='bbox 1370 788 1428 845; x_wconf 77' lang='lat' dir='ltr'>ni-</span> 
     </span>
     <span class='ocr_line' id='line_1_7' title="bbox 245 875 1428 962; baseline -0.01 -20"><span class='ocrx_word' id='word_1_46' title='bbox 245 903 344 956; x_wconf 86' lang='lat' dir='ltr'>nere,</span> <span class='ocrx_word' id='word_1_47' title='bbox 369 890 398 940; x_wconf 88' lang='lat' dir='ltr'>et</span> <span class='ocrx_word' id='word_1_48' title='bbox 410 881 520 942; x_wconf 83' lang='lat' dir='ltr'>llublel</span> <span class='ocrx_word' id='word_1_49' title='bbox 532 889 650 962; x_wconf 76' lang='lat' dir='ltr'>praeter</span> <span class='ocrx_word' id='word_1_50' title='bbox 665 879 768 938; x_wconf 84' lang='lat' dir='ltr'>aetatis</span> <span class='ocrx_word' id='word_1_51' title='bbox 781 879 1018 958; x_wconf 74' lang='lat' dir='ltr'>praerogativam</span> <span class='ocrx_word' id='word_1_52' title='bbox 1029 875 1328 956; x_wconf 69' lang='lat' dir='ltr'><strong>praestantibus</strong></span> <span class='ocrx_word' id='word_1_53' title='bbox 1346 893 1428 950; x_wconf 83' lang='lat' dir='ltr'>qoo-</span> 
     </span>
     <span class='ocr_line' id='line_1_8' title="bbox 246 958 1429 1046; baseline -0.009 -20"><span class='ocrx_word' id='word_1_54' title='bbox 246 988 306 1046; x_wconf 87' lang='lat' dir='ltr'>que</span> <span class='ocrx_word' id='word_1_55' title='bbox 326 967 534 1026; x_wconf 83' lang='lat' dir='ltr'>commendato</span> <span class='ocrx_word' id='word_1_56' title='bbox 557 965 692 1040; x_wconf 58' lang='lat' dir='ltr'>dumus,</span> <span class='ocrx_word' id='word_1_57' title='bbox 719 965 810 1024; x_wconf 83' lang='lat' dir='ltr'>ermis</span> <span class='ocrx_word' id='word_1_58' title='bbox 828 965 916 1023; x_wconf 87' lang='lat' dir='ltr'>etism</span> <span class='ocrx_word' id='word_1_59' title='bbox 937 963 1140 1044; x_wconf 80' lang='lat' dir='ltr'>preeselente.</span> <span class='ocrx_word' id='word_1_60' title='bbox 1208 979 1303 1038; x_wconf 86' lang='lat' dir='ltr'>quo</span> <span class='ocrx_word' id='word_1_61' title='bbox 1331 958 1429 1016; x_wconf 70' lang='lat' dir='ltr'>cirili</span> 
     </span>
     <span class='ocr_line' id='line_1_9' title="bbox 245 1045 1429 1132; baseline -0.007 -22"><span class='ocrx_word' id='word_1_62' title='bbox 245 1061 308 1110; x_wconf 85' lang='lat' dir='ltr'>tarn</span> <span class='ocrx_word' id='word_1_63' title='bbox 323 1051 404 1128; x_wconf 80' lang='lat' dir='ltr'>longi</span> <span class='ocrx_word' id='word_1_64' title='bbox 420 1051 561 1132; x_wconf 87' lang='lat' dir='ltr'>temporis</span> <span class='ocrx_word' id='word_1_65' title='bbox 575 1049 702 1110; x_wconf 85' lang='lat' dir='ltr'>discidio</span> <span class='ocrx_word' id='word_1_66' title='bbox 716 1059 799 1110; x_wconf 88' lang='lat' dir='ltr'>tento</span> <span class='ocrx_word' id='word_1_67' title='bbox 812 1050 955 1108; x_wconf 82' lang='lat' dir='ltr'>videlieet</span> <span class='ocrx_word' id='word_1_68' title='bbox 967 1049 1076 1112; x_wconf 82' lang='lat' dir='ltr'>certius</span> <span class='ocrx_word' id='word_1_69' title='bbox 1090 1045 1366 1106; x_wconf 71' lang='lat' dir='ltr'>confirmatus</span> <span class='ocrx_word' id='word_1_70' title='bbox 1381 1053 1429 1102; x_wconf 74' lang='lat' dir='ltr'>et</span> 
     </span>
     <span class='ocr_line' id='line_1_10' title="bbox 246 1131 1425 1212; baseline -0.008 -16"><span class='ocrx_word' id='word_1_71' title='bbox 246 1137 365 1196; x_wconf 84' lang='lat' dir='ltr'>Hulecu</span> <span class='ocrx_word' id='word_1_72' title='bbox 394 1137 427 1198; x_wconf 88' lang='lat' dir='ltr'>in</span> <span class='ocrx_word' id='word_1_73' title='bbox 454 1137 590 1198; x_wconf 87' lang='lat' dir='ltr'>ebeolnto</span> <span class='ocrx_word' id='word_1_74' title='bbox 617 1144 770 1196; x_wconf 85' lang='lat' dir='ltr'>trecttrum</span> <span class='ocrx_word' id='word_1_75' title='bbox 798 1135 1021 1209; x_wconf 78' lang='lat' dir='ltr'>Occidentem,</span> <span class='ocrx_word' id='word_1_76' title='bbox 1057 1131 1182 1212; x_wconf 77' lang='lat' dir='ltr'>quibos</span> <span class='ocrx_word' id='word_1_77' title='bbox 1224 1140 1425 1211; x_wconf 73' lang='lat' dir='ltr'>praeerat,</span> 
     </span>
     <span class='ocr_line' id='line_1_11' title="bbox 246 1241 383 1283; baseline 0.007 -3"><span class='ocrx_word' id='word_1_78' title='bbox 246 1241 287 1280; x_wconf 85' lang='lat' dir='ltr'>un</span> <span class='ocrx_word' id='word_1_79' title='bbox 310 1241 383 1283; x_wconf 85' lang='lat' dir='ltr'>erro.</span> 
     </span>
    </p>

    <p class='ocr_par' dir='ltr' id='par_1_3' title="bbox 235 1243 1483 4371">
     <span class='ocr_line' id='line_1_12' title="bbox 288 1243 1422 1384; baseline -0.008 -17"><span class='ocrx_word' id='word_1_80' title='bbox 288 1243 309 1302; x_wconf 73' lang='lat' dir='ltr'>p</span> <span class='ocrx_word' id='word_1_81' title='bbox 332 1306 386 1366; x_wconf 84' lang='lat' dir='ltr'>Xl.</span> <span class='ocrx_word' id='word_1_82' title='bbox 427 1306 505 1384; x_wconf 65' lang='lat' dir='ltr'>Ergo</span> <span class='ocrx_word' id='word_1_83' title='bbox 518 1305 544 1364; x_wconf 88' lang='lat' dir='ltr'>is</span> <span class='ocrx_word' id='word_1_84' title='bbox 558 1313 593 1364; x_wconf 88' lang='lat' dir='ltr'>ut</span> <span class='ocrx_word' id='word_1_85' title='bbox 605 1303 739 1364; x_wconf 83' lang='lat' dir='ltr'>emissem</span> <span class='ocrx_word' id='word_1_86' title='bbox 754 1303 840 1364; x_wconf 87' lang='lat' dir='ltr'>clede</span> <span class='ocrx_word' id='word_1_87' title='bbox 854 1303 1002 1380; x_wconf 81' lang='lat' dir='ltr'>Cetbogee</span> <span class='ocrx_word' id='word_1_88' title='bbox 1013 1301 1131 1381; x_wconf 76' lang='lat' dir='ltr'>Syrien</span> <span class='ocrx_word' id='word_1_89' title='bbox 1147 1309 1422 1378; x_wconf 70' lang='lat' dir='ltr'>recuperent,</span> 
     </span>
     <span class='ocr_line' id='line_1_13' title="bbox 246 1381 1416 1470; baseline -0.008 -18"><span class='ocrx_word' id='word_1_90' title='bbox 246 1411 325 1452; x_wconf 85' lang='lat' dir='ltr'>eune</span> <span class='ocrx_word' id='word_1_91' title='bbox 339 1389 541 1468; x_wconf 70' lang='lat' dir='ltr'>Hegiree669,</span> <span class='ocrx_word' id='word_1_92' title='bbox 556 1389 610 1468; x_wconf 82' lang='lat' dir='ltr'>qui</span> <span class='ocrx_word' id='word_1_93' title='bbox 624 1391 719 1470; x_wconf 87' lang='lat' dir='ltr'>coepit</span> <span class='ocrx_word' id='word_1_94' title='bbox 734 1381 750 1447; x_wconf 76' lang='lat' dir='ltr'>‘e</span> <span class='ocrx_word' id='word_1_95' title='bbox 764 1391 813 1449; x_wconf 80' lang='lat' dir='ltr'>elie</span> <span class='ocrx_word' id='word_1_96' title='bbox 827 1389 1027 1454; x_wconf 78' lang='lat' dir='ltr'>(illecembrie</span> <span class='ocrx_word' id='word_1_97' title='bbox 1038 1389 1110 1446; x_wconf 89' lang='lat' dir='ltr'>anni</span> <span class='ocrx_word' id='word_1_98' title='bbox 1124 1386 1279 1445; x_wconf 77' lang='lat' dir='ltr'>Christi</span> <span class='ocrx_word' id='word_1_99' title='bbox 1296 1388 1416 1458; x_wconf 78' lang='grc'><strong>1260,</strong></span> 
     </span>
     <span class='ocr_line' id='line_1_14' title="bbox 246 1470 1410 1554; baseline -0.003 -18"><span class='ocrx_word' id='word_1_100' title='bbox 246 1486 276 1536; x_wconf 91' lang='lat' dir='ltr'>et</span> <span class='ocrx_word' id='word_1_101' title='bbox 289 1485 503 1554; x_wconf 76' lang='lat' dir='ltr'>musaquenter</span> <span class='ocrx_word' id='word_1_102' title='bbox 523 1475 653 1535; x_wconf 65' lang='lat' dir='ltr'>acessit</span> <span class='ocrx_word' id='word_1_103' title='bbox 673 1475 704 1534; x_wconf 91' lang='lat' dir='ltr'>in</span> <span class='ocrx_word' id='word_1_104' title='bbox 725 1485 840 1554; x_wconf 87' lang='lat' dir='ltr'>pertem</span> <span class='ocrx_word' id='word_1_105' title='bbox 858 1475 1016 1534; x_wconf 71' lang='lat' dir='ltr'>maximam</span> <span class='ocrx_word' id='word_1_106' title='bbox 1029 1473 1101 1532; x_wconf 86' lang='lat' dir='ltr'>enni</span> <span class='ocrx_word' id='word_1_107' title='bbox 1119 1470 1270 1530; x_wconf 75' lang='lat' dir='ltr'>Christi</span> <span class='ocrx_word' id='word_1_108' title='bbox 1293 1475 1410 1543; x_wconf 78' lang='lat'><strong>1261,</strong></span> 
     </span>
     <span class='ocr_line' id='line_1_15' title="bbox 245 1555 1403 1640; baseline -0.007 -20"><span class='ocrx_word' id='word_1_109' title='bbox 245 1561 395 1640; x_wconf 76' lang='lat' dir='ltr'>ingentem</span> <span class='ocrx_word' id='word_1_110' title='bbox 419 1580 543 1624; x_wconf 86' lang='lat' dir='ltr'>suorum</span> <span class='ocrx_word' id='word_1_111' title='bbox 569 1561 735 1620; x_wconf 64' lang='lat' dir='ltr'>exeritum</span> <span class='ocrx_word' id='word_1_112' title='bbox 759 1581 797 1619; x_wconf 88' lang='lat' dir='ltr'>eo</span> <span class='ocrx_word' id='word_1_113' title='bbox 819 1559 901 1622; x_wconf 87' lang='lat' dir='ltr'>misit</span> <span class='ocrx_word' id='word_1_114' title='bbox 921 1561 998 1617; x_wconf 83' lang='lat' dir='ltr'>alnos</span> <span class='ocrx_word' id='word_1_115' title='bbox 1023 1557 1157 1636; x_wconf 71' lang='lat' dir='ltr'>susum</span> <span class='ocrx_word' id='word_1_116' title='bbox 1184 1555 1403 1636; x_wconf 58' lang='lat' dir='ltr'>GargaIQ</span> 
     </span>
     <span class='ocr_line' id='line_1_16' title="bbox 245 1641 1400 1726; baseline -0.004 -20"><span class='ocrx_word' id='word_1_117' title='bbox 245 1647 297 1726; x_wconf 83' lang='lat' dir='ltr'>qui</span> <span class='ocrx_word' id='word_1_118' title='bbox 311 1655 419 1706; x_wconf 85' lang='lat' dir='ltr'>cuncte</span> <span class='ocrx_word' id='word_1_119' title='bbox 433 1647 532 1726; x_wconf 84' lang='lat' dir='ltr'>primo</span> <span class='ocrx_word' id='word_1_120' title='bbox 553 1647 686 1706; x_wconf 80' lang='lat' dir='ltr'>adventu</span> <span class='ocrx_word' id='word_1_121' title='bbox 702 1647 792 1706; x_wconf 85' lang='lat' dir='ltr'>lecile</span> <span class='ocrx_word' id='word_1_122' title='bbox 808 1645 926 1722; x_wconf 68' lang='lat' dir='ltr'>subegit</span> <span class='ocrx_word' id='word_1_123' title='bbox 946 1642 1093 1704; x_wconf 80' lang='lat' dir='ltr'>lielebum</span> <span class='ocrx_word' id='word_1_124' title='bbox 1107 1661 1239 1721; x_wconf 75' lang='lat' dir='ltr'>mque,</span> <span class='ocrx_word' id='word_1_125' title='bbox 1267 1641 1400 1721; x_wconf 78' lang='lat' dir='ltr'>plusi-</span> 
     </span>
     <span class='ocr_line' id='line_1_17' title="bbox 244 1729 1395 1811; baseline -0.007 -19"><span class='ocrx_word' id='word_1_126' title='bbox 244 1733 302 1792; x_wconf 87' lang='lat' dir='ltr'>mis</span> <span class='ocrx_word' id='word_1_127' title='bbox 324 1734 433 1811; x_wconf 79' lang='lat' dir='ltr'>passim</span> <span class='ocrx_word' id='word_1_128' title='bbox 455 1731 663 1792; x_wconf 78' lang='lat' dir='ltr'>obsistentium</span> <span class='ocrx_word' id='word_1_129' title='bbox 685 1731 801 1794; x_wconf 85' lang='lat' dir='ltr'>eccleis.</span> <span class='ocrx_word' id='word_1_130' title='bbox 842 1731 896 1790; x_wconf 88' lang='lat' dir='ltr'>sed</span> <span class='ocrx_word' id='word_1_131' title='bbox 917 1750 988 1788; x_wconf 86' lang='lat' dir='ltr'>cnm</span> <span class='ocrx_word' id='word_1_132' title='bbox 1002 1749 1213 1810; x_wconf 86' lang='lat' dir='ltr'>praepropere</span> <span class='ocrx_word' id='word_1_133' title='bbox 1234 1729 1291 1786; x_wconf 72' lang='lat' dir='ltr'>set</span> <span class='ocrx_word' id='word_1_134' title='bbox 1308 1745 1395 1785; x_wconf 77' lang='lat' dir='ltr'>suos</span> 
     </span>
     <span class='ocr_line' id='line_1_18' title="bbox 243 1811 1388 1897; baseline -0.005 -19"><span class='ocrx_word' id='word_1_135' title='bbox 243 1819 434 1894; x_wconf 86' lang='lat' dir='ltr'>revertisset,</span> <span class='ocrx_word' id='word_1_136' title='bbox 455 1818 695 1896; x_wconf 79' lang='lat' dir='ltr'>supervenientes</span> <span class='ocrx_word' id='word_1_137' title='bbox 708 1815 921 1897; x_wconf 59' lang='lat' dir='ltr'>Aofflptiorurs</span> <span class='ocrx_word' id='word_1_138' title='bbox 933 1834 1058 1894; x_wconf 74' lang='lat' dir='ltr'>mugisse</span> <span class='ocrx_word' id='word_1_139' title='bbox 1068 1814 1177 1892; x_wconf 84' lang='lat' dir='ltr'>copiae</span> <span class='ocrx_word' id='word_1_140' title='bbox 1189 1811 1388 1891; x_wconf 73' lang='lat' dir='ltr'>blegnico-</span> 
     </span>
     <span class='ocr_line' id='line_1_19' title="bbox 244 1897 1387 1982; baseline -0.007 -20"><span class='ocrx_word' id='word_1_141' title='bbox 244 1903 325 1962; x_wconf 88' lang='lat' dir='ltr'>sibue</span> <span class='ocrx_word' id='word_1_142' title='bbox 347 1904 446 1963; x_wconf 84' lang='lat' dir='ltr'>denuo</span> <span class='ocrx_word' id='word_1_143' title='bbox 469 1903 587 1982; x_wconf 84' lang='lat' dir='ltr'>Syrism</span> <span class='ocrx_word' id='word_1_144' title='bbox 607 1903 793 1982; x_wconf 86' lang='lat' dir='ltr'>eripuerunt.</span> <span class='ocrx_word' id='word_1_145' title='bbox 839 1901 962 1962; x_wconf 85' lang='lat' dir='ltr'>interest</span> <span class='ocrx_word' id='word_1_146' title='bbox 981 1909 1084 1959; x_wconf 74' lang='lat' dir='ltr'>nosne</span> <span class='ocrx_word' id='word_1_147' title='bbox 1108 1897 1163 1958; x_wconf 87' lang='lat' dir='ltr'>bic</span> <span class='ocrx_word' id='word_1_148' title='bbox 1186 1900 1387 1960; x_wconf 65' lang='lat' dir='ltr'>absumo</span> 
     </span>
     <span class='ocr_line' id='line_1_20' title="bbox 242 1984 1377 2068; baseline -0.003 -24"><span class='ocrx_word' id='word_1_149' title='bbox 242 1989 329 2046; x_wconf 90' lang='lat' dir='ltr'>cuiue</span> <span class='ocrx_word' id='word_1_150' title='bbox 344 1987 487 2068; x_wconf 89' lang='lat' dir='ltr'>auspiciis</span> <span class='ocrx_word' id='word_1_151' title='bbox 501 1987 574 2048; x_wconf 86' lang='lat' dir='ltr'>lrsec</span> <span class='ocrx_word' id='word_1_152' title='bbox 586 1997 646 2046; x_wconf 85' lang='lat' dir='ltr'>tarn</span> <span class='ocrx_word' id='word_1_153' title='bbox 656 1989 729 2046; x_wconf 81' lang='lat' dir='ltr'>felix</span> <span class='ocrx_word' id='word_1_154' title='bbox 741 1987 956 2066; x_wconf 69' lang='lat' dir='ltr'>Aegyptiorum</span> <span class='ocrx_word' id='word_1_155' title='bbox 967 1984 1120 2064; x_wconf 81' lang='lat' dir='ltr'>expeditio</span> <span class='ocrx_word' id='word_1_156' title='bbox 1132 1984 1174 2046; x_wconf 84' lang='lat' dir='ltr'>sit</span> <span class='ocrx_word' id='word_1_157' title='bbox 1189 1994 1377 2064; x_wconf 69' lang='lat' dir='ltr'>meopte:</span> 
     </span>
     <span class='ocr_line' id='line_1_21' title="bbox 243 2070 1373 2154; baseline -0.002 -22"><span class='ocrx_word' id='word_1_158' title='bbox 243 2073 280 2132; x_wconf 85' lang='lat' dir='ltr'>sle</span> <span class='ocrx_word' id='word_1_159' title='bbox 298 2071 356 2132; x_wconf 88' lang='lat' dir='ltr'>boo</span> <span class='ocrx_word' id='word_1_160' title='bbox 375 2074 454 2132; x_wconf 84' lang='lat' dir='ltr'>enim</span> <span class='ocrx_word' id='word_1_161' title='bbox 477 2093 539 2132; x_wconf 86' lang='lat' dir='ltr'>neo</span> <span class='ocrx_word' id='word_1_162' title='bbox 557 2074 762 2154; x_wconf 75' lang='lat' dir='ltr'>perfunctorie</span> <span class='ocrx_word' id='word_1_163' title='bbox 784 2073 969 2150; x_wconf 73' lang='lat' dir='ltr'>sgitnoster</span> <span class='ocrx_word' id='word_1_164' title='bbox 987 2070 1189 2148; x_wconf 66' lang='lat' dir='ltr'>pachymeres</span> <span class='ocrx_word' id='word_1_165' title='bbox 1202 2070 1228 2130; x_wconf 91' lang='lat' dir='ltr'>l.</span> <span class='ocrx_word' id='word_1_166' title='bbox 1247 2073 1276 2135; x_wconf 79' lang='lat'><strong>3</strong></span> <span class='ocrx_word' id='word_1_167' title='bbox 1296 2089 1328 2127; x_wconf 88' lang='lat' dir='ltr'>c.</span> <span class='ocrx_word' id='word_1_168' title='bbox 1348 2073 1373 2130; x_wconf 80' lang='lat'><strong>3</strong></span> 
     </span>
     <span class='ocr_line' id='line_1_22' title="bbox 242 2155 1369 2236; baseline -0.007 -16"><span class='ocrx_word' id='word_1_169' title='bbox 242 2161 306 2220; x_wconf 66' lang='lat' dir='ltr'>iet</span> <span class='ocrx_word' id='word_1_170' title='bbox 321 2161 341 2224; x_wconf 84' lang='grc'><strong>6</strong></span> <span class='ocrx_word' id='word_1_171' title='bbox 355 2161 430 2219; x_wconf 88' lang='lat' dir='ltr'>tomi</span> <span class='ocrx_word' id='word_1_172' title='bbox 456 2158 582 2236; x_wconf 81' lang='lat' dir='ltr'>peioris,</span> <span class='ocrx_word' id='word_1_173' title='bbox 609 2179 657 2217; x_wconf 88' lang='lat' dir='ltr'>res</span> <span class='ocrx_word' id='word_1_174' title='bbox 678 2177 828 2236; x_wconf 72' lang='lat' dir='ltr'>exequens</span> <span class='ocrx_word' id='word_1_175' title='bbox 848 2177 864 2215; x_wconf 87' lang='lat' dir='ltr'>e</span> <span class='ocrx_word' id='word_1_176' title='bbox 883 2155 1030 2217; x_wconf 73' lang='lat' dir='ltr'>blichstle</span> <span class='ocrx_word' id='word_1_177' title='bbox 1053 2155 1237 2232; x_wconf 81' lang='lat' dir='ltr'>Palaeologo</span> <span class='ocrx_word' id='word_1_178' title='bbox 1252 2164 1369 2232; x_wconf 74' lang='lat' dir='ltr'>gestas</span> 
     </span>
     <span class='ocr_line' id='line_1_23' title="bbox 242 2239 1367 2322; baseline -0.001 -22"><span class='ocrx_word' id='word_1_179' title='bbox 242 2243 343 2301; x_wconf 87' lang='lat' dir='ltr'>statim</span> <span class='ocrx_word' id='word_1_180' title='bbox 366 2265 383 2302; x_wconf 83' lang='lat' dir='ltr'>e</span> <span class='ocrx_word' id='word_1_181' title='bbox 399 2244 524 2304; x_wconf 82' lang='lat' dir='ltr'>solemni</span> <span class='ocrx_word' id='word_1_182' title='bbox 544 2263 597 2304; x_wconf 88' lang='lat' dir='ltr'>ane</span> <span class='ocrx_word' id='word_1_183' title='bbox 616 2245 828 2320; x_wconf 84' lang='lat' dir='ltr'>coronetibne,</span> <span class='ocrx_word' id='word_1_184' title='bbox 856 2262 945 2322; x_wconf 80' lang='lat' dir='ltr'>qoem</span> <span class='ocrx_word' id='word_1_185' title='bbox 966 2240 1085 2322; x_wconf 79' lang='lat' dir='ltr'>eooepit</span> <span class='ocrx_word' id='word_1_186' title='bbox 1099 2239 1280 2300; x_wconf 72' lang='lat' dir='ltr'>misistedo</span> <span class='ocrx_word' id='word_1_187' title='bbox 1302 2260 1367 2319; x_wconf 83' lang='lat' dir='ltr'>ps-</span> 
     </span>
     <span class='ocr_line' id='line_1_24' title="bbox 242 2325 1361 2408; baseline -0.001 -24"><span class='ocrx_word' id='word_1_188' title='bbox 242 2326 396 2386; x_wconf 83' lang='lat' dir='ltr'>trisrchee</span> <span class='ocrx_word' id='word_1_189' title='bbox 421 2329 553 2403; x_wconf 78' lang='lat' dir='ltr'>Arrenii,</span> <span class='ocrx_word' id='word_1_190' title='bbox 593 2341 684 2408; x_wconf 88' lang='lat' dir='ltr'>prout</span> <span class='ocrx_word' id='word_1_191' title='bbox 710 2339 854 2390; x_wconf 85' lang='lat' dir='ltr'>narretur</span> <span class='ocrx_word' id='word_1_192' title='bbox 869 2327 980 2388; x_wconf 83' lang='lat' dir='ltr'>ibidem</span> <span class='ocrx_word' id='word_1_193' title='bbox 1001 2347 1028 2386; x_wconf 86' lang='lat' dir='ltr'>c.</span> <span class='ocrx_word' id='word_1_194' title='bbox 1050 2331 1081 2392; x_wconf 80' lang='lat'>2.</span> <span class='ocrx_word' id='word_1_195' title='bbox 1102 2325 1361 2385; x_wconf 64' lang='lat' dir='ltr'>demonstramus</span> 
     </span>
     <span class='ocr_line' id='line_1_25' title="bbox 241 2409 1351 2484; baseline 0.005 -15"><span class='ocrx_word' id='word_1_196' title='bbox 241 2421 356 2481; x_wconf 88' lang='lat' dir='ltr'>sutem,</span> <span class='ocrx_word' id='word_1_197' title='bbox 378 2413 402 2472; x_wconf 92' lang='lat' dir='ltr'>l.</span> <span class='ocrx_word' id='word_1_198' title='bbox 417 2411 700 2475; x_wconf 66' lang='lat' dir='ltr'>susurrationum</span> <span class='ocrx_word' id='word_1_199' title='bbox 716 2424 886 2478; x_wconf 83' lang='lat' dir='ltr'>nostrerum</span> <span class='ocrx_word' id='word_1_200' title='bbox 898 2413 942 2473; x_wconf 81' lang='lat' dir='ltr'>&#39;etl</span> <span class='ocrx_word' id='word_1_201' title='bbox 954 2433 1022 2472; x_wconf 91' lang='lat' dir='ltr'>eum</span> <span class='ocrx_word' id='word_1_202' title='bbox 1037 2421 1153 2472; x_wconf 89' lang='lat' dir='ltr'>tomum</span> <span class='ocrx_word' id='word_1_203' title='bbox 1165 2431 1191 2471; x_wconf 90' lang='lat' dir='ltr'>c.</span> <span class='ocrx_word' id='word_1_204' title='bbox 1208 2409 1232 2474; x_wconf 71' lang='grc'><strong>4</strong></span> <span class='ocrx_word' id='word_1_205' title='bbox 1248 2421 1283 2470; x_wconf 84' lang='lat' dir='ltr'>et</span> <span class='ocrx_word' id='word_1_206' title='bbox 1294 2414 1351 2484; x_wconf 79' lang='grc'>10,</span> 
     </span>
     <span class='ocr_line' id='line_1_26' title="bbox 241 2495 1349 2570; baseline 0.008 -17"><span class='ocrx_word' id='word_1_207' title='bbox 241 2514 305 2553; x_wconf 83' lang='lat' dir='ltr'>eam</span> <span class='ocrx_word' id='word_1_208' title='bbox 329 2496 553 2553; x_wconf 73' lang='lat' dir='ltr'>coronationem</span> <span class='ocrx_word' id='word_1_209' title='bbox 574 2497 750 2556; x_wconf 85' lang='lat' dir='ltr'>celebratsm</span> <span class='ocrx_word' id='word_1_210' title='bbox 768 2500 861 2557; x_wconf 83' lang='lat' dir='ltr'>fuisse</span> <span class='ocrx_word' id='word_1_211' title='bbox 882 2518 963 2557; x_wconf 88' lang='lat' dir='ltr'>enno</span> <span class='ocrx_word' id='word_1_212' title='bbox 980 2497 1091 2557; x_wconf 77' lang='lat' dir='ltr'>christi</span> <span class='ocrx_word' id='word_1_213' title='bbox 1106 2502 1198 2570; x_wconf 76' lang='lat'><strong>1261,</strong></span> <span class='ocrx_word' id='word_1_214' title='bbox 1218 2495 1281 2555; x_wconf 62' lang='grc' dir='ltr'>ΒΜ</span> <span class='ocrx_word' id='word_1_215' title='bbox 1295 2504 1349 2553; x_wconf 64' lang='lat' dir='ltr'>Ut</span> 
     </span>
     <span class='ocr_line' id='line_1_27' title="bbox 240 2578 1337 2663; baseline 0.003 -26"><span class='ocrx_word' id='word_1_216' title='bbox 240 2578 297 2637; x_wconf 92' lang='lat' dir='ltr'>illo</span> <span class='ocrx_word' id='word_1_217' title='bbox 312 2578 378 2659; x_wconf 85' lang='lat' dir='ltr'>ipso</span> <span class='ocrx_word' id='word_1_218' title='bbox 400 2580 433 2639; x_wconf 89' lang='lat' dir='ltr'>in</span> <span class='ocrx_word' id='word_1_219' title='bbox 454 2600 517 2659; x_wconf 86' lang='lat' dir='ltr'>quo</span> <span class='ocrx_word' id='word_1_220' title='bbox 539 2600 622 2639; x_wconf 82' lang='lat' dir='ltr'>neno</span> <span class='ocrx_word' id='word_1_221' title='bbox 641 2591 780 2642; x_wconf 74' lang='lat' dir='ltr'>versetur</span> <span class='ocrx_word' id='word_1_222' title='bbox 796 2582 1057 2663; x_wconf 75' lang='lat' dir='ltr'>bbulphsrogius,</span> <span class='ocrx_word' id='word_1_223' title='bbox 1091 2602 1162 2643; x_wconf 86' lang='lat' dir='ltr'>eum</span> <span class='ocrx_word' id='word_1_224' title='bbox 1180 2599 1337 2640; x_wconf 73' lang='lat' dir='ltr'>nomm</span> 
     </span>
     <span class='ocr_line' id='line_1_28' title="bbox 239 2664 1336 2746; baseline 0.001 -21"><span class='ocrx_word' id='word_1_225' title='bbox 239 2664 368 2743; x_wconf 69' lang='lat' dir='ltr'>Hefliree</span> <span class='ocrx_word' id='word_1_226' title='bbox 385 2668 460 2731; x_wconf 78' lang='lat'><strong>659.</strong></span> <span class='ocrx_word' id='word_1_227' title='bbox 502 2666 607 2726; x_wconf 80' lang='lat' dir='ltr'>scribit</span> <span class='ocrx_word' id='word_1_228' title='bbox 619 2667 709 2745; x_wconf 78' lang='lat' dir='ltr'>igitur</span> <span class='ocrx_word' id='word_1_229' title='bbox 722 2667 792 2727; x_wconf 87' lang='lat' dir='ltr'>loco</span> <span class='ocrx_word' id='word_1_230' title='bbox 805 2667 896 2727; x_wconf 86' lang='lat' dir='ltr'>modo</span> <span class='ocrx_word' id='word_1_231' title='bbox 910 2668 1044 2728; x_wconf 80' lang='lat' dir='ltr'>intliceto</span> <span class='ocrx_word' id='word_1_232' title='bbox 1058 2667 1248 2746; x_wconf 67' lang='lat' dir='ltr'>Pachyno</span> <span class='ocrx_word' id='word_1_233' title='bbox 1257 2664 1336 2725; x_wconf 82' lang='lat' dir='ltr'>eoli-</span> 
     </span>
     <span class='ocr_line' id='line_1_29' title="bbox 241 2750 1336 2834; baseline 0.001 -24"><span class='ocrx_word' id='word_1_234' title='bbox 241 2751 335 2811; x_wconf 87' lang='lat' dir='ltr'>eitum</span> <span class='ocrx_word' id='word_1_235' title='bbox 361 2750 533 2811; x_wconf 75' lang='lat' dir='ltr'>blicbatilern</span> <span class='ocrx_word' id='word_1_236' title='bbox 553 2752 661 2812; x_wconf 74' lang='lat' dir='ltr'>desilii</span> <span class='ocrx_word' id='word_1_237' title='bbox 679 2753 859 2813; x_wconf 74' lang='lat' dir='ltr'>stabiliendo</span> <span class='ocrx_word' id='word_1_238' title='bbox 876 2772 980 2813; x_wconf 86' lang='lat' dir='ltr'>recens</span> <span class='ocrx_word' id='word_1_239' title='bbox 997 2762 1086 2834; x_wconf 72' lang='lat' dir='ltr'>parto</span> <span class='ocrx_word' id='word_1_240' title='bbox 1098 2752 1240 2833; x_wconf 86' lang='lat' dir='ltr'>imperio,</span> <span class='ocrx_word' id='word_1_241' title='bbox 1258 2770 1336 2831; x_wconf 82' lang='lat' dir='ltr'>quos</span> 
     </span>
     <span class='ocr_line' id='line_1_30' title="bbox 241 2836 1341 3005; baseline 0 -24"><span class='ocrx_word' id='word_1_242' title='bbox 241 2836 372 2981; x_wconf 59' lang='lat' dir='ltr'>&#39;tull‘</span> <span class='ocrx_word' id='word_1_243' title='bbox 388 2838 1090 3005; x_wconf 57' lang='lat' dir='ltr'>tt‘tttltztt‘l&#39;lttlllz‘nll</span> <span class='ocrx_word' id='word_1_244' title='bbox 1102 2838 1341 2983; x_wconf 58' lang='lat' dir='ltr'>33¹¹an</span> 
     </span>
     <span class='ocr_line' id='line_1_31' title="bbox 242 3006 1340 3089; baseline 0.004 -24"><span class='ocrx_word' id='word_1_245' title='bbox 242 3006 388 3086; x_wconf 80' lang='lat' dir='ltr'>elyueetas</span> <span class='ocrx_word' id='word_1_246' title='bbox 399 3006 514 3067; x_wconf 83' lang='lat' dir='ltr'>Cheleii</span> <span class='ocrx_word' id='word_1_247' title='bbox 529 3008 695 3089; x_wconf 78' lang='lat' dir='ltr'>principem</span> <span class='ocrx_word' id='word_1_248' title='bbox 707 3010 929 3080; x_wconf 72' lang='lat' dir='ltr'>Tocharorum,</span> <span class='ocrx_word' id='word_1_249' title='bbox 951 3008 1010 3069; x_wconf 85' lang='lat' dir='ltr'>hoc</span> <span class='ocrx_word' id='word_1_250' title='bbox 1025 3019 1070 3068; x_wconf 85' lang='lat' dir='ltr'>est</span> <span class='ocrx_word' id='word_1_251' title='bbox 1086 3009 1229 3085; x_wconf 71' lang='lat' dir='ltr'>Heloro,</span> <span class='ocrx_word' id='word_1_252' title='bbox 1252 3009 1340 3069; x_wconf 86' lang='lat' dir='ltr'>cuius</span> 
     </span>
     <span class='ocr_line' id='line_1_32' title="bbox 241 3092 1342 3174; baseline 0.003 -24"><span class='ocrx_word' id='word_1_253' title='bbox 241 3092 348 3151; x_wconf 89' lang='lat' dir='ltr'>crebro</span> <span class='ocrx_word' id='word_1_254' title='bbox 365 3092 499 3153; x_wconf 81' lang='lat' dir='ltr'>meminit</span> <span class='ocrx_word' id='word_1_255' title='bbox 513 3093 768 3173; x_wconf 62' lang='lat' dir='ltr'>helphis-agius,</span> <span class='ocrx_word' id='word_1_256' title='bbox 790 3104 822 3153; x_wconf 88' lang='lat' dir='ltr'>et</span> <span class='ocrx_word' id='word_1_257' title='bbox 840 3094 993 3159; x_wconf 84' lang='lat' dir='ltr'>Snltsnern</span> <span class='ocrx_word' id='word_1_258' title='bbox 1009 3093 1209 3174; x_wconf 77' lang='lat' dir='ltr'>Aethiopum,</span> <span class='ocrx_word' id='word_1_259' title='bbox 1226 3096 1342 3154; x_wconf 78' lang='lat' dir='ltr'>utrius·</span> 
     </span>
     <span class='ocr_line' id='line_1_33' title="bbox 240 3178 1341 3261; baseline 0.004 -26"><span class='ocrx_word' id='word_1_260' title='bbox 240 3196 300 3255; x_wconf 82' lang='lat' dir='ltr'>que</span> <span class='ocrx_word' id='word_1_261' title='bbox 320 3179 445 3255; x_wconf 70' lang='lat' dir='ltr'>gretiam</span> <span class='ocrx_word' id='word_1_262' title='bbox 462 3178 573 3243; x_wconf 84' lang='lat' dir='ltr'>embire</span> <span class='ocrx_word' id='word_1_263' title='bbox 596 3180 703 3239; x_wconf 83' lang='lat' dir='ltr'>olliciie</span> <span class='ocrx_word' id='word_1_264' title='bbox 717 3180 976 3261; x_wconf 75' lang='lat' dir='ltr'>legationibusque</span> <span class='ocrx_word' id='word_1_265' title='bbox 993 3180 1157 3241; x_wconf 79' lang='lat' dir='ltr'>affectasse.</span> <span class='ocrx_word' id='word_1_266' title='bbox 1199 3200 1234 3240; x_wconf 84' lang='lat' dir='ltr'>es</span> <span class='ocrx_word' id='word_1_267' title='bbox 1251 3200 1341 3239; x_wconf 82' lang='lat' dir='ltr'>occs-</span> 
     </span>
     <span class='ocr_line' id='line_1_34' title="bbox 239 3260 1341 3343; baseline 0.005 -23"><span class='ocrx_word' id='word_1_268' title='bbox 239 3260 324 3321; x_wconf 89' lang='lat' dir='ltr'>sione</span> <span class='ocrx_word' id='word_1_269' title='bbox 345 3263 383 3323; x_wconf 80' lang='lat' dir='ltr'>tle</span> <span class='ocrx_word' id='word_1_270' title='bbox 403 3264 528 3325; x_wconf 82' lang='lat' dir='ltr'>Sultene</span> <span class='ocrx_word' id='word_1_271' title='bbox 550 3263 727 3343; x_wconf 78' lang='lat' dir='ltr'>Aethiopum</span> <span class='ocrx_word' id='word_1_272' title='bbox 751 3274 917 3336; x_wconf 80' lang='lat' dir='ltr'>memoret,</span> <span class='ocrx_word' id='word_1_273' title='bbox 944 3266 1036 3327; x_wconf 79' lang='lat' dir='ltr'>luisse</span> <span class='ocrx_word' id='word_1_274' title='bbox 1054 3264 1142 3325; x_wconf 89' lang='lat' dir='ltr'>illum</span> <span class='ocrx_word' id='word_1_275' title='bbox 1157 3284 1268 3343; x_wconf 71' lang='lat' dir='ltr'>genere</span> <span class='ocrx_word' id='word_1_276' title='bbox 1283 3265 1341 3325; x_wconf 84' lang='lat' dir='ltr'>Co·</span> 
     </span>
     <span class='ocr_line' id='line_1_35' title="bbox 238 3348 1341 3429; baseline 0.005 -24"><span class='ocrx_word' id='word_1_277' title='bbox 238 3366 378 3423; x_wconf 87' lang='lat' dir='ltr'>menum,</span> <span class='ocrx_word' id='word_1_278' title='bbox 400 3350 568 3427; x_wconf 81' lang='lat' dir='ltr'>quaeregio</span> <span class='ocrx_word' id='word_1_279' title='bbox 580 3360 624 3407; x_wconf 88' lang='lat' dir='ltr'>eet</span> <span class='ocrx_word' id='word_1_280' title='bbox 639 3370 735 3429; x_wconf 86' lang='lat' dir='ltr'>prope</span> <span class='ocrx_word' id='word_1_281' title='bbox 752 3350 882 3414; x_wconf 81' lang='lat' dir='ltr'>l’ootutn</span> <span class='ocrx_word' id='word_1_282' title='bbox 897 3352 1068 3423; x_wconf 73' lang='lat' dir='ltr'>Euxinum,</span> <span class='ocrx_word' id='word_1_283' title='bbox 1089 3348 1162 3409; x_wconf 85' lang='lat' dir='ltr'>binc</span> <span class='ocrx_word' id='word_1_284' title='bbox 1174 3350 1248 3409; x_wconf 90' lang='lat' dir='ltr'>olim</span> <span class='ocrx_word' id='word_1_285' title='bbox 1262 3368 1341 3411; x_wconf 75' lang='lat' dir='ltr'>veu-</span> 
     </span>
     <span class='ocr_line' id='line_1_36' title="bbox 239 3432 1341 3513; baseline 0.005 -23"><span class='ocrx_word' id='word_1_286' title='bbox 239 3432 336 3491; x_wconf 82' lang='lat' dir='ltr'>ditum</span> <span class='ocrx_word' id='word_1_287' title='bbox 351 3433 382 3489; x_wconf 88' lang='lat' dir='ltr'>in</span> <span class='ocrx_word' id='word_1_288' title='bbox 399 3432 574 3492; x_wconf 77' lang='lat' dir='ltr'>servitutem</span> <span class='ocrx_word' id='word_1_289' title='bbox 592 3436 736 3513; x_wconf 58' lang='lat' dir='ltr'>Aegyptio</span> <span class='ocrx_word' id='word_1_290' title='bbox 748 3435 882 3511; x_wconf 86' lang='lat' dir='ltr'>domino,</span> <span class='ocrx_word' id='word_1_291' title='bbox 901 3457 956 3496; x_wconf 86' lang='lat' dir='ltr'>sue</span> <span class='ocrx_word' id='word_1_292' title='bbox 967 3435 1034 3495; x_wconf 90' lang='lat' dir='ltr'>illic</span> <span class='ocrx_word' id='word_1_293' title='bbox 1047 3435 1197 3495; x_wconf 79' lang='lat' dir='ltr'>iudustris</span> <span class='ocrx_word' id='word_1_294' title='bbox 1211 3436 1341 3496; x_wconf 79' lang='lat' dir='ltr'>serviles</span> 
     </span>
     <span class='ocr_line' id='line_1_37' title="bbox 239 3517 1340 3599; baseline 0.005 -24"><span class='ocrx_word' id='word_1_295' title='bbox 239 3526 357 3575; x_wconf 85' lang='lat' dir='ltr'>catenae</span> <span class='ocrx_word' id='word_1_296' title='bbox 375 3517 407 3575; x_wconf 88' lang='lat' dir='ltr'>in</span> <span class='ocrx_word' id='word_1_297' title='bbox 422 3518 536 3594; x_wconf 73' lang='lat' dir='ltr'>reglum</span> <span class='ocrx_word' id='word_1_298' title='bbox 550 3518 684 3577; x_wconf 82' lang='lat' dir='ltr'>diadema</span> <span class='ocrx_word' id='word_1_299' title='bbox 699 3531 903 3581; x_wconf 74' lang='lat' dir='ltr'>conmutseee.</span> <span class='ocrx_word' id='word_1_300' title='bbox 946 3522 1074 3581; x_wconf 81' lang='lat' dir='ltr'>eundem</span> <span class='ocrx_word' id='word_1_301' title='bbox 1084 3522 1170 3581; x_wconf 87' lang='lat' dir='ltr'>addit</span> <span class='ocrx_word' id='word_1_302' title='bbox 1186 3520 1340 3599; x_wconf 87' lang='lat' dir='ltr'>inprimis</span> 
     </span>
     <span class='ocr_line' id='line_1_38' title="bbox 236 3602 1338 3687; baseline 0.004 -26"><span class='ocrx_word' id='word_1_303' title='bbox 236 3602 417 3681; x_wconf 79' lang='lat' dir='ltr'>prudentem</span> <span class='ocrx_word' id='word_1_304' title='bbox 436 3602 590 3679; x_wconf 68' lang='lat' dir='ltr'>habitum</span> <span class='ocrx_word' id='word_1_305' title='bbox 620 3614 651 3663; x_wconf 89' lang='lat' dir='ltr'>et</span> <span class='ocrx_word' id='word_1_306' title='bbox 667 3606 748 3684; x_wconf 84' lang='lat' dir='ltr'>quod</span> <span class='ocrx_word' id='word_1_307' title='bbox 768 3607 802 3665; x_wconf 89' lang='lat' dir='ltr'>in</span> <span class='ocrx_word' id='word_1_308' title='bbox 826 3610 963 3687; x_wconf 79' lang='lat' dir='ltr'>Aegypto</span> <span class='ocrx_word' id='word_1_309' title='bbox 987 3616 1073 3666; x_wconf 87' lang='lat' dir='ltr'>natos</span> <span class='ocrx_word' id='word_1_310' title='bbox 1097 3627 1203 3685; x_wconf 85' lang='lat' dir='ltr'>parum</span> <span class='ocrx_word' id='word_1_311' title='bbox 1223 3604 1338 3665; x_wconf 84' lang='lat' dir='ltr'>habiles</span> 
     </span>
     <span class='ocr_line' id='line_1_39' title="bbox 237 3686 1483 3771; baseline 0.006 -26"><span class='ocrx_word' id='word_1_312' title='bbox 237 3686 354 3747; x_wconf 86' lang='lat' dir='ltr'>bellicis</span> <span class='ocrx_word' id='word_1_313' title='bbox 376 3688 527 3749; x_wconf 76' lang='lat' dir='ltr'>laboribus</span> <span class='ocrx_word' id='word_1_314' title='bbox 549 3690 681 3765; x_wconf 79' lang='lat' dir='ltr'>videret,</span> <span class='ocrx_word' id='word_1_315' title='bbox 709 3689 815 3751; x_wconf 82' lang='lat' dir='ltr'>emisse</span> <span class='ocrx_word' id='word_1_316' title='bbox 832 3712 940 3771; x_wconf 86' lang='lat' dir='ltr'>pueros</span> <span class='ocrx_word' id='word_1_317' title='bbox 959 3712 1066 3771; x_wconf 82' lang='lat' dir='ltr'>magno</span> <span class='ocrx_word' id='word_1_318' title='bbox 1085 3712 1209 3752; x_wconf 88' lang='lat' dir='ltr'>numero</span> <span class='ocrx_word' id='word_1_319' title='bbox 1229 3712 1249 3751; x_wconf 92' lang='lat' dir='ltr'>e</span> <span class='ocrx_word' id='word_1_320' title='bbox 1262 3693 1336 3769; x_wconf 81' lang='lat' dir='ltr'>Scy·</span> <span class='ocrx_word' id='word_1_321' title='bbox 1386 3718 1392 3728; x_wconf 67' lang='lat'><strong><em>„</em></strong></span> <span class='ocrx_word' id='word_1_322' title='bbox 1480 3689 1483 3719; x_wconf 86' lang='lat'><strong>¹</strong></span> 
     </span>
     <span class='ocr_line' id='line_1_40' title="bbox 236 3771 1333 3856; baseline 0.003 -24"><span class='ocrx_word' id='word_1_323' title='bbox 236 3771 299 3832; x_wconf 86' lang='lat' dir='ltr'>thie</span> <span class='ocrx_word' id='word_1_324' title='bbox 323 3784 354 3833; x_wconf 91' lang='lat' dir='ltr'>et</span> <span class='ocrx_word' id='word_1_325' title='bbox 374 3774 439 3836; x_wconf 85' lang='lat' dir='ltr'>aliie</span> <span class='ocrx_word' id='word_1_326' title='bbox 457 3774 627 3853; x_wconf 73' lang='lat' dir='ltr'>regionibus</span> <span class='ocrx_word' id='word_1_327' title='bbox 652 3786 735 3835; x_wconf 85' lang='lat' dir='ltr'>trans</span> <span class='ocrx_word' id='word_1_328' title='bbox 758 3778 903 3848; x_wconf 87' lang='lat' dir='ltr'>Pontum,</span> <span class='ocrx_word' id='word_1_329' title='bbox 932 3777 1040 3855; x_wconf 87' lang='lat' dir='ltr'>quibus</span> <span class='ocrx_word' id='word_1_330' title='bbox 1056 3778 1138 3856; x_wconf 84' lang='lat' dir='ltr'>apud</span> <span class='ocrx_word' id='word_1_331' title='bbox 1156 3798 1189 3839; x_wconf 93' lang='lat' dir='ltr'>se</span> <span class='ocrx_word' id='word_1_332' title='bbox 1209 3776 1333 3837; x_wconf 84' lang='lat' dir='ltr'>nutritis</span> 
     </span>
     <span class='ocr_line' id='line_1_41' title="bbox 235 3857 1331 3942; baseline 0.006 -26"><span class='ocrx_word' id='word_1_333' title='bbox 235 3857 366 3919; x_wconf 82' lang='lat' dir='ltr'>sortibus</span> <span class='ocrx_word' id='word_1_334' title='bbox 383 3860 492 3919; x_wconf 85' lang='lat' dir='ltr'>deinde</span> <span class='ocrx_word' id='word_1_335' title='bbox 510 3860 654 3923; x_wconf 85' lang='lat' dir='ltr'>militibus</span> <span class='ocrx_word' id='word_1_336' title='bbox 681 3862 839 3939; x_wconf 82' lang='lat' dir='ltr'>utebatur,</span> <span class='ocrx_word' id='word_1_337' title='bbox 862 3864 1053 3942; x_wconf 78' lang='lat' dir='ltr'>permittente</span> <span class='ocrx_word' id='word_1_338' title='bbox 1067 3864 1099 3921; x_wconf 83' lang='lat' dir='ltr'>id</span> <span class='ocrx_word' id='word_1_339' title='bbox 1111 3863 1331 3939; x_wconf 74' lang='lat' dir='ltr'>commercium,</span> 
     </span>
     <span class='ocr_line' id='line_1_42' title="bbox 235 3944 1331 4026; baseline 0.005 -25"><span class='ocrx_word' id='word_1_340' title='bbox 235 3962 342 4020; x_wconf 70' lang='lat' dir='ltr'>magno</span> <span class='ocrx_word' id='word_1_341' title='bbox 362 3944 407 4005; x_wconf 86' lang='lat' dir='ltr'>rei</span> <span class='ocrx_word' id='word_1_342' title='bbox 428 3944 610 4005; x_wconf 77' lang='lat' dir='ltr'>Christianae</span> <span class='ocrx_word' id='word_1_343' title='bbox 632 3947 830 4023; x_wconf 82' lang='lat' dir='ltr'>detrimento,</span> <span class='ocrx_word' id='word_1_344' title='bbox 865 3948 1047 4026; x_wconf 75' lang='lat' dir='ltr'>imperatore</span> <span class='ocrx_word' id='word_1_345' title='bbox 1069 3946 1233 4008; x_wconf 74' lang='lat' dir='ltr'>bliclreble:</span> <span class='ocrx_word' id='word_1_346' title='bbox 1258 3946 1331 4007; x_wconf 79' lang='lat' dir='ltr'>hine</span> 
     </span>
     <span class='ocr_line' id='line_1_43' title="bbox 237 4026 1331 4112; baseline 0.007 -27"><span class='ocrx_word' id='word_1_347' title='bbox 237 4026 317 4085; x_wconf 84' lang='lat' dir='ltr'>eninr</span> <span class='ocrx_word' id='word_1_348' title='bbox 332 4040 452 4091; x_wconf 87' lang='lat' dir='ltr'>auctum</span> <span class='ocrx_word' id='word_1_349' title='bbox 469 4033 577 4111; x_wconf 86' lang='lat' dir='ltr'>opibus</span> <span class='ocrx_word' id='word_1_350' title='bbox 592 4032 720 4112; x_wconf 76' lang='lat' dir='ltr'>Aegypti</span> <span class='ocrx_word' id='word_1_351' title='bbox 732 4034 886 4092; x_wconf 80' lang='lat' dir='ltr'>Sultsnem</span> <span class='ocrx_word' id='word_1_352' title='bbox 896 4034 1017 4093; x_wconf 71' lang='lat' dir='ltr'>Larino·</span> <span class='ocrx_word' id='word_1_353' title='bbox 1032 4034 1229 4093; x_wconf 62' lang='lat' dir='ltr'>Poleatinsm</span> <span class='ocrx_word' id='word_1_354' title='bbox 1245 4053 1331 4093; x_wconf 71' lang='lat' dir='ltr'>occe</span> 
     </span>
     <span class='ocr_line' id='line_1_44' title="bbox 236 4115 1329 4197; baseline 0.009 -28"><span class='ocrx_word' id='word_1_355' title='bbox 236 4120 342 4193; x_wconf 85' lang='lat' dir='ltr'>pentes</span> <span class='ocrx_word' id='word_1_356' title='bbox 360 4115 444 4175; x_wconf 89' lang='lat' dir='ltr'>illinc</span> <span class='ocrx_word' id='word_1_357' title='bbox 468 4118 629 4196; x_wconf 79' lang='lat' dir='ltr'>expulisse.</span> <span class='ocrx_word' id='word_1_358' title='bbox 672 4116 745 4177; x_wconf 88' lang='lat' dir='ltr'>boec</span> <span class='ocrx_word' id='word_1_359' title='bbox 767 4117 980 4197; x_wconf 73' lang='lat' dir='ltr'>Perhymarea3</span> <span class='ocrx_word' id='word_1_360' title='bbox 1007 4138 1085 4197; x_wconf 80' lang='lat' dir='ltr'>qnae</span> <span class='ocrx_word' id='word_1_361' title='bbox 1107 4120 1236 4179; x_wconf 87' lang='lat' dir='ltr'>multum</span> <span class='ocrx_word' id='word_1_362' title='bbox 1255 4118 1329 4179; x_wconf 86' lang='lat' dir='ltr'>illu·</span> 
     </span>
     <span class='ocr_line' id='line_1_45' title="bbox 235 4202 1329 4284; baseline 0.005 -27"><span class='ocrx_word' id='word_1_363' title='bbox 235 4208 370 4259; x_wconf 88' lang='lat' dir='ltr'>strantur</span> <span class='ocrx_word' id='word_1_364' title='bbox 382 4204 604 4281; x_wconf 81' lang='lat' dir='ltr'>comparatione</span> <span class='ocrx_word' id='word_1_365' title='bbox 621 4224 689 4262; x_wconf 84' lang='lat' dir='ltr'>cum</span> <span class='ocrx_word' id='word_1_366' title='bbox 704 4204 743 4262; x_wconf 88' lang='lat' dir='ltr'>iis</span> <span class='ocrx_word' id='word_1_367' title='bbox 758 4224 832 4283; x_wconf 88' lang='lat' dir='ltr'>quse</span> <span class='ocrx_word' id='word_1_368' title='bbox 846 4203 1087 4284; x_wconf 75' lang='lat' dir='ltr'>Abulplrsragius</span> <span class='ocrx_word' id='word_1_369' title='bbox 1099 4202 1159 4264; x_wconf 87' lang='lat' dir='ltr'>boc</span> <span class='ocrx_word' id='word_1_370' title='bbox 1173 4206 1241 4263; x_wconf 89' lang='lat' dir='ltr'>loeo</span> <span class='ocrx_word' id='word_1_371' title='bbox 1252 4204 1329 4263; x_wconf 86' lang='lat' dir='ltr'>scri-</span> 
     </span>
     <span class='ocr_line' id='line_1_46' title="bbox 236 4282 1330 4371; baseline 0.007 -30"><span class='ocrx_word' id='word_1_372' title='bbox 236 4282 293 4345; x_wconf 83' lang='lat' dir='ltr'>bit.</span> <span class='ocrx_word' id='word_1_373' title='bbox 336 4285 382 4345; x_wconf 86' lang='lat' dir='ltr'>eit</span> <span class='ocrx_word' id='word_1_374' title='bbox 394 4291 494 4365; x_wconf 79' lang='lat' dir='ltr'>enirn,</span> <span class='ocrx_word' id='word_1_375' title='bbox 516 4298 678 4369; x_wconf 65' lang='lat' dir='ltr'>postem</span> <span class='ocrx_word' id='word_1_376' title='bbox 692 4290 828 4351; x_wconf 80' lang='lat' dir='ltr'>ttotuzus</span> <span class='ocrx_word' id='word_1_377' title='bbox 847 4290 1075 4358; x_wconf 71' lang='lat' dir='ltr'>Tutemennus</span> <span class='ocrx_word' id='word_1_378' title='bbox 1089 4289 1217 4371; x_wconf 64' lang='lat' dir='ltr'>Aegypti</span> <span class='ocrx_word' id='word_1_379' title='bbox 1230 4287 1330 4349; x_wconf 74' lang='lat' dir='ltr'>domi·</span> 
     </span>
    </p>
   </div>
   <div class='ocr_carea' id='block_1_3' title="bbox 0 0 1510 4900">
    <p class='ocr_par' dir='ltr' id='par_1_4' title="bbox 0 0 1510 4900">
     <span class='ocr_line' id='line_1_47' title="bbox 0 0 1510 4900; baseline 0 3"><span class='ocrx_word' id='word_1_380' title='bbox 0 0 1510 4900; x_wconf 95' lang='lat' dir='ltr'> </span> 
     </span>
    </p>
   </div>
  </div>
 </body>
</html>
