3009 4900
365 313 444 382 LlB.
467 311 523 384 111.
575 313 944 384 GHRONOLOGIGUS.
1127 323 1203 394 809

22 459 52 522 3²³
79 483 141 542 nis
159 482 291 542 horum.
333 479 475 542 videntur
494 487 593 540 autem
617 482 730 560 repulsi
750 492 833 543 metu
852 503 869 540 a
886 484 1028 546 Romania
1042 495 1117 546 tnnc
1130 509 1205 568 pro·

18 571 52 610 ¹·'··
79 568 217 628 vinciis
230 565 415 644 Mogulensec
428 565 596 626 incubuisse
608 563 641 626 in
653 567 820 642 Persidem
844 568 897 628 uti
910 590 1034 631 nareae
1042 571 1123 650 ipro·
1135 596 1205 655 ope-

19 659 51 698 n:
83 673 187 726 ram,
212 651 423 732 Caiyphniilic
447 651 619 712 dominante
642 653 723 712 victo
743 663 774 712 et
792 674 953 733 oppresso,
978 666 1082 716 namot
1094 658 1206 722 ibidem

24 745 46 782 ³-
83 741 169 800 suae
192 737 388 817 Pschymeres
410 757 440 816 p·
463 741 534 812 133,
551 735 711 818 adiungere
728 737 785 798 hos
806 740 840 797 in
858 740 978 800 Perside
999 740 1206 820 belligerantes

18 857 19 900 j
37 835 49 870 ἵ
84 822 262 883 Tocharoa
275 823 367 900 vulgo
378 823 507 882 Atarioa
520 830 651 886 vocator.
687 823 768 902 quod
781 844 892 884 nomen
906 826 986 886 sorte
997 825 1081 887 haud
1098 838 1208 890 temere

18 921 44 956 ἐκ
88 909 277 987 ruspicetnr
292 907 441 988 quispiam
455 925 470 966 e
482 907 602 966 nomine
618 907 702 969 dacis
717 910 852 988 ipsorum
868 910 1036 986 detortum,
1057 913 1159 992 utqui
1175 935 1207 976 ee

28 1006 46 1044 ἓ
87 994 163 1073 ipsi
184 997 360 1052 Botuarioa
383 1012 401 1050 a
424 995 530 1051 Baton
547 992 695 1069 dicerent,
726 994 806 1072 quod
827 993 920 1054 huius
940 997 1082 1076 auspiciis
1096 999 1206 1058 milita-

18 1093 44 1132 1-
87 1080 198 1153 bant,
221 1079 361 1158 populari
380 1078 575 1157 corruptione
596 1089 773 1140 vexatarum
792 1079 829 1140 ah
848 1080 921 1164 ipsit
934 1083 1055 1162 linguae
1069 1083 1206 1145 diversas

18 1182 42 1218 t·
90 1164 241 1244 gentium
260 1165 368 1224 Atarii
380 1163 615 1224 nominarentur.

18 1271 39 1306 :a
192 1249 259 1310 vlt.
286 1247 406 1308 Interim
423 1269 496 1327 quee
511 1247 563 1308 alii
576 1247 793 1326 Megalensium
807 1245 898 1308 duces
913 1249 984 1308 alibi
999 1258 1119 1330 agerent
1131 1272 1206 1312 exe-

18 1359 36 1394 n
96 1353 203 1414 queue
214 1333 472 1413 Abulpharegiue‚
494 1333 588 1392 tradit
600 1353 679 1392 anno
695 1333 820 1412 Hcgirae
833 1339 906 1410 688,
928 1336 1014 1396 cuiue
1027 1346 1071 1395 est
1084 1334 1205 1397 initium
1272 1406 1275 1416 Ι
1294 1359 1298 1375 ·

18 1445 37 1484 n
96 1441 116 1478 a
137 1419 190 1480 die
207 1423 247 1487 16
263 1419 411 1499 Septemb.
426 1421 497 1478 anni
512 1417 624 1478 Christi
639 1421 730 1494 1235,
746 1428 863 1499 ceptam
882 1419 974 1480 fuisse
988 1443 1005 1480 a
1019 1421 1205 1498 11636166ιί-

18 1533 30 1568 a
96 1505 161 1565 bue
176 1505 368 1564 Garmaliaasn
386 1503 487 1564 urbem
499 1506 658 1564 maximam
671 1505 704 1563 in
719 1504 838 1583 regione
851 1504 992 1582 arbelae,
1020 1516 1052 1564 et
1066 1527 1145 1566 anuo
1160 1529 1204 1567 se-

18 1618 32 1656 ;;
99 1591 212 1668 quenti
220 1589 314 1668 ipsein
325 1589 462 1650 Arbelam
471 1599 541 1668 post
556 1589 749 1668 quadraginta
763 1589 879 1648 dierum
894 1591 1090 1668 ohsidionem,
1100 1613 1204 1669 magna

18 1707 32 1742 2
99 1674 237 1755 pecunie
256 1685 397 1734 taxatam.
439 1695 517 1734 anno
542 1675 667 1751 Hegiree
686 1674 760 1750 635,
783 1674 894 1734 Christi
915 1679 1008 1749 1237,
1030 1676 1066 1733 ab
1078 1679 1205 1754 Augusti

18 1795 32 1830 ;,
101 1760 219 1821 menois
235 1759 283 1820 dio
299 1759 351 1836 24,
368 1759 554 1838 Megalenses
568 1761 600 1818 in
614 1760 747 1840 Bagdadi
761 1759 836 1818 fines
851 1769 1062 1840 procurrentes
1075 1763 1204 1842 primum

18 1883 30 1918 ι,
105 1845 173 1906 acie
192 1844 267 1904 victi
284 1855 372 1920 runt,
400 1845 449 1905 sed
468 1853 570 1926 postea
587 1865 656 1906 cum
679 1846 767 1906 noris
785 1845 880 1924 copiis
901 1846 1076 1922 redeuntes,
1097 1849 1136 1905 ad
1151 1848 1206 1906 lo-

20 1970 29 2004 :
106 1951 178 1990 curn
203 1930 398 1992 Canekinium
428 1939 586 2006 nocetum,
625 1931 860 2008 Bagdadensium
887 1932 1051 1990 exercitum
1080 1943 1205 1992 cruento

106 2015 225 2096 praelio
241 2015 451 2094 profligarunt.
493 2035 571 2074 anno
587 2019 648 2080 639
663 2016 805 2094 Hegirae,
833 2014 944 2076 Christi
961 2016 1053 2093 1241,
1069 2037 1086 2074 a
1102 2018 1151 2076 die
1167 2023 1207 2082 12

18 2143 26 2180 Ε
107 2101 193 2176 Iulii,
215 2100 402 2178 Mogulenees
419 2101 495 2160 duce
511 2101 685 2176 lermaguno
703 2101 804 2160 urbem
817 2101 913 2159 Arnen
932 2103 1056 2160 Rumam
1070 2101 1102 2160 vi
1118 2121 1207 2181 cepe-

18 2233 21 2264 ᾖ
107 2194 190 2246 runt.
231 2204 311 2244 enno
324 2185 395 2264 flag.
417 2189 490 2262 640,
506 2184 616 2244 Christi
633 2190 723 2262 1242,
738 2187 903 2244 akalendis
919 2185 1000 2261 Iulii,
1021 2185 1207 2264 Megulenaee

109 2271 263 2330 Sultanem
280 2270 485 2330 Giattodinum
500 2271 562 2329 acie
577 2270 730 2346 uicerunt,
760 2271 824 2330 eiua
841 2271 929 2330 urbes
945 2271 1079 2330 Sironem
1090 2283 1121 2330 et
1133 2273 1207 2333 Cae·

18 2433 19 2438 η
111 2375 225 2418 serenan
245 2364 275 2414 et
296 2357 486 2435 Azenganum
508 2366 668 2434 ceperunt,
699 2355 887 2415 ethiemalie
902 2357 999 2416 fracto
1015 2357 1131 2416 Soitani
1146 2357 1205 2415 tri·
1225 2370 1246 2422 p
1264 2371 1314 2425 537

18 2498 19 2501 ,
111 2441 216 2501 butum
232 2439 448 2521 imposuerunt.
490 2462 568 2501 anno
587 2441 711 2519 Hegirae
727 2441 798 2517 643,
815 2440 925 2501 Christi
942 2445 1052 2507 1246a
1069 2443 1140 2501 hlaii
1156 2447 1207 2519 29,

18 2520 21 2529 ’
112 2528 195 2587 Kaan
212 2528 362 2589 secundus
381 2528 543 2607 imperator
563 2526 778 2607 Mogulenrium
800 2528 902 2587 rivere
924 2528 1026 2603 desiit,
1054 2530 1207 2605 designato

112 2612 194 2691 prius
210 2632 383 2673 successore
393 2622 423 2671 et
441 2612 583 2673 accersito
599 2614 636 2671 nd
648 2612 716 2689 hoc,
740 2612 811 2671 dum
822 2612 922 2672 adhue
937 2612 1059 2689 viveret,
1082 2616 1205 2691 Cayuco

113 2719 165 2757 suo
178 2698 255 2774 11116,
277 2698 374 2776 quiin
392 2698 499 2757 itinere
511 2698 649 2757 nuntium
672 2697 790 2777 accepit
805 2698 842 2755 de
854 2697 948 2775 patris
964 2706 1068 2755 morte.
1110 2708 1205 2757 mater

115 2785 233 2861 Cayuci,
255 2783 335 2843 dicta
356 2785 516 2859 Tarracina,
538 2803 613 2860 quae
627 2783 760 2855 Clanum,
781 2779 842 2839 hoc
854 2791 899 2841 est
910 2780 1036 2838 domina
1048 2780 1111 2838 sive
1126 2803 1205 2839 uxos·

115 2868 267 2947 primaria,
289 2869 400 2927 Keenis
413 2870 525 2943 fuerat,
546 2866 704 2946 imperium
719 2865 948 2939 administravit,
970 2866 1066 2923 detrec
1083 2866 1205 2925 comitia

116 2954 208 3029 gentis
231 2953 389 3013 universae
410 2952 615 3017 convenirent.
658 2972 735 3011 anno
755 2950 829 3027 Heg.
851 2951 924 3024 644,
946 2949 1058 3009 Christi
1082 2951 1162 3015 1246
1187 2974 1204 3010 a

116 3037 251 3112 1161119,
274 3040 437 3099 celebratus
460 3048 504 3097 eat
524 3056 647 3116 magnus
667 3043 835 3096 conventus
852 3036 1022 3115 principum
1043 3046 1073 3095 et
1092 3036 1203 3097 ducum

117 3122 326 3201 Megulensium
340 3135 468 3202 tempore
483 3144 589 3200 verno,
612 3121 656 3182 ait
667 3121 920 3200 Abulpharagiur,
941 3119 1063 3194 hoceet‚
1084 3134 1121 3181 ut
1137 3121 1204 3201 opi-

117 3228 185 3287 nor,
207 3228 307 3269 mense
319 3211 415 3289 Aprili
433 3209 502 3269 enni
519 3207 630 3268 Christi
645 3209 737 3280 1247,
759 3207 859 3265 adhuc
881 3217 1019 3267 currente
1035 3205 1098 3269 644
1113 3208 1204 3285 liegi-

118 3314 173 3353 rae.
206 3292 253 3352 his
274 3294 400 3354 comitiis
420 3295 554 3373 Cayucus
572 3292 704 3353 filiorum
725 3293 836 3351 Kaams
855 3301 930 3351 natu
947 3292 1115 3368 maximus,
1142 3314 1203 3351 nou

120 3379 177 3437 sola
194 3379 298 3439 aetatis
318 3381 524 3459 praerogativa
542 3390 594 3439 aut
615 3380 709 3459 patris
731 3378 844 3437 iudicio
863 3379 914 3436 red
938 3388 968 3437 et
990 3379 1205 3457 praestantium

120 3465 258 3524 virtutum
274 3486 309 3523 ac
318 3464 435 3525 dotium
446 3466 553 3525 merito
567 3465 717 3544 praelotus
731 3464 853 3523 Cubano
868 3473 897 3522 et
910 3464 1066 3523 Siramuno
1083 3465 1208 3522 minori-

120 3548 340 3625 bntrsuibus,
361 3550 524 3629 imperator
547 3550 733 3623 declaretur3
765 3550 928 3626 titulusque
944 3549 1004 3627 ipsi
1027 3549 1145 3607 additus
1162 3559 1207 3607 est

122 3635 361 3712 Cayuc-Chania.
402 3634 454 3694 hic
471 3636 547 3696 duos
574 3636 749 3714 praecipuos
772 3635 923 3695 ministros
947 3634 1131 3693 Christianos
1150 3633 1206 3691 lsa-

121 3719 196 3796 buit,
217 3740 344 3798 quorum
366 3720 453 3781 alteri
481 3718 625 3796 Kodnko,
652 3720 738 3779 alteri
762 3720 877 3779 Girskai
904 3739 1013 3777 nomen
1031 3718 1106 3793 suit3
1128 3738 1207 3796 quo-

121 3824 180 3865 rum
193 3806 293 3865 favore
306 3806 439 3886 episcopi
453 3817 483 3866 et
497 3804 635 3865 monachi
651 3826 669 3864 a
682 3806 803 3884 Cayuc-
812 3804 912 3863 Chane
925 3814 1019 3863 matre
1031 3803 1125 3883 ipsius
1140 3803 1207 3860 uni.

123 3910 257 3966 versaque
271 3892 349 3969 regin
369 3892 480 3951 familia
494 3891 626 3971 impense
641 3890 874 3950 honorabantur.
902 3889 983 3947 unde
994 3886 1119 3965 contigit
1132 3888 1206 3945 odeo

123 3975 180 4033 illic
199 3994 330 4035 crescere
350 3976 548 4036 Christianum
567 3977 759 4055 religionem,
786 3986 928 4055 quantum
940 3974 988 4032 hia
999 3973 1099 4033 verbis
1115 3973 1207 4031 Abul-

123 4059 272 4139 phrragius
289 4063 436 4138 ostendit,
454 4064 635 4142 factumque
655 4075 699 4121 est
720 4063 859 4141 iuquiens
877 4064 1037 4139 imperium
1053 4059 1207 4116 1166116-

125 4166 203 4220 num,
226 4156 254 4203 et
274 4152 382 4227 magni
403 4148 527 4207 habitor
547 4159 618 4214 crant
637 4160 741 4227 genten
760 4170 837 4227 quae
850 4146 923 4205 lanio
946 4146 1088 4225 religioni
1102 4166 1208 4203 nomen

125 4229 274 4304 dederunt,
297 4235 467 4310 eFinncr's,
492 4236 622 4311 Roscia,
646 4232 733 4313 Syrie
753 4245 782 4290 et
796 4233 949 4292 Armenia.
992 4254 1031 4289 ac
1046 4254 1078 4287 eo
1092 4230 1208 4303 reducti
1261 4216 1271 4254 ¹

125 4328 186 4375 nont
206 4328 271 4377 tam
295 4320 428 4379 melioris
448 4332 539 4379 notae
562 4342 655 4399 quum
678 4344 693 4377 r
712 4318 800 4399 plebe
822 4318 1015 4398 Megulmaea
1035 4318 1152 4396 aliique
1167 4320 1208 4375 ite
