3009 4900
389 287 470 360 atta
493 285 550 360 ΙΙΙ.
603 287 976 362 OERONOLOGIGUS.
1113 303 1118 308 '
1163 293 1238 368 85⁵

85 447 181 494 ΑΨ
232 413 354 494 imm·
376 446 503 543 Wlffl
538 453 652 529 dientia
680 455 840 537 impetrata
873 455 1034 518 denuntiat
1067 461 1094 520 ei
1128 458 1240 522 dixitne

431 614 456 645 ro
537 541 781 642 Athanaaiumpa
794 553 952 642 praetenta
968 545 1043 604 iram
1060 545 1108 604 dai
1122 545 1191 608 urbi
1203 569 1239 607 ac

535 629 648 708 populo
666 649 822 690 immanere
836 649 1019 710 proxrmam,
1041 639 1072 689 et
1084 651 1193 710 cupere
1206 653 1239 694 aa

145 511 179 543 r.
226 508 283 564 rum
298 497 358 542 Puta-

417 713 459 775 22
475 769 480 775 .
535 723 573 774 ut
582 716 686 778 atatim
699 716 851 794 Augustus
867 716 984 776 iuberet
1002 735 1056 795 per
1071 717 1168 775 omnia
1181 739 1237 778 ur-

379 787 493 835 ⁵¹¹⁰¹⁸³i
535 799 580 860 bia
593 803 773 862 monasteria
795 802 875 862 orari
897 811 929 860 at
943 801 1144 882 pervigilatia
1160 822 1237 863 eun-

417 851 456 912 ss
534 885 669 952 centon
681 888 793 954 triduo.
829 886 990 965 arripiente
1003 887 1158 948 eonaiiium
1171 888 1238 948 Διι-

447 1026 451 1032 ,
531 979 618 1050 gauto
639 973 741 1038 naam
765 975 828 1052 ipaa
847 983 936 1032 nocte
953 972 1112 1032 mandatae
1133 992 1237 1052 preces

530 1056 717 1120 indicuntur.
759 1057 904 1138 postridie
918 1077 1006 1117 mane
1023 1054 1238 1120 animadvertit

529 1141 694 1222 imperator
706 1143 803 1204 lanam
819 1150 1051 1214 terraemotum,
1072 1143 1163 1222 idque
1172 1161 1236 1204 aare

401 1239 404 1245 '
528 1227 1235 1309 initiumutaiiabrithanaaiopraanuntiatieen-

529 1314 600 1378 anit.
644 1314 693 1376 dia
717 1335 792 1376 mox
816 1315 940 1396 septima
966 1313 1081 1374 decima
1106 1314 1236 1376 Ianuarii

529 1408 629 1461 tarrae
638 1409 742 1462 motae
756 1401 859 1462 axam
873 1399 1090 1480 vehementior,
1105 1420 1167 1460 non
1184 1409 1235 1460 ta·
1252 1405 1275 1461 1³
1292 1405 1345 1461 620

528 1505 598 1546 anan
611 1485 665 1564 qui
677 1505 772 1564 utque
791 1486 831 1548 ad
845 1485 1050 1546 aedificiorum
1063 1484 1236 1546 subversio-

528 1588 596 1632 nem
606 1571 810 1634 invalaaearat.
832 1579 908 1632 tune
921 1592 982 1632 non
995 1569 1144 1632 dubitavit
1159 1572 1233 1650 quin

527 1656 693 1718 revalatum
707 1656 873 1718 Athanasio
886 1658 992 1718 suiaact
1006 1658 1147 1736 ingruena
1165 1657 1235 1719 urbi

527 1742 710 1821 periculum,
732 1752 763 1808 et
776 1744 849 1822 quin
863 1742 1131 1824 supplicationibus
1144 1742 1181 1801 ab
1198 1762 1235 1804 eo

527 1829 716 1908 praeamiptia
730 1829 822 1891 noxia
836 1828 883 1888 via
899 1838 998 1888 tanae
1012 1835 1112 1886 metue
1126 1826 1235 1889 ‹labili-

527 1921 591 1974 tata
601 1915 715 1974 suimet.
758 1914 840 1974 unde
853 1915 952 1993 iprum
965 1924 1119 1990 tamquam
1131 1911 1235 1972 homi„

527 2017 596 2061 nana
610 1999 668 2060 deo
683 2019 788 2060 aarum
803 1997 937 2080 auepexit
956 2005 988 2058 et
1007 1997 1039 2058 in
1056 1996 1169 2058 throno
1182 2017 1236 2058 re-

529 2103 642 2164 ponare
662 2084 806 2148 demerit.
852 2083 901 2144 dia
917 2088 957 2150 18
969 2083 1099 2144 Ianuarii
1118 2103 1234 2144 convo-

527 2169 602 2230 catia
619 2169 784 2252 imputator
803 2167 949 2250 apiacopia
976 2165 1180 2232 aeclesiasticis
1204 2177 1236 2233 et

527 2255 680 2316 monachia
699 2256 840 2316 diaaaruit
854 2253 892 2314 de
908 2254 1031 2314 consilio
1053 2253 1108 2314 ribi
1127 2272 1233 2332 sugga-

526 2349 575 2400 ato
586 2351 618 2400 at
627 2350 730 2402 eaeuto
739 2351 809 2421 poet
821 2339 880 2400 hoc
890 2349 1009 2415 eventu,
1021 2359 1130 2398 nomen
1138 2339 1234 2398 etha.

438 2447 442 2453 ·
527 2427 601 2487 naaii
614 2428 752 2488 raticena.
795 2426 866 2487 inda
880 2425 928 2485 dia
946 2430 986 2491 19
1000 2425 1132 2485 eiusdem
1147 2445 1236 2485 men-

526 2512 565 2571 aia
581 2513 621 2571 ad
636 2523 761 2573 cametoa
778 2530 841 2571 non
860 2511 957 2575 aoium
976 2510 1189 2571 accicaiaatieoa
1203 2518 1235 2575 et

525 2598 705 2673 monachat,
725 2596 826 2657 aedat
848 2598 929 2657 cirea
948 2597 1111 2657 convenire
1128 2596 1234 2672 iussos,

525 2686 701 2742 concionem
717 2683 750 2741 in
775 2680 901 2739 eandam
925 2683 1100 2745 cantantium
1114 2680 1232 2757 habuit,

525 2767 738 2828 nominandam
768 2764 990 2827 innominatum
1017 2762 1118 2823 adhuc
1147 2764 1233 2825 iilum

526 2850 660 2909 vatidnii
690 2858 723 2907 et
753 2848 868 2909 consilii
898 2848 1037 2909 salutaria
1069 2856 1234 2923 auctorem,

526 2946 593 2995 tum
607 2953 648 2995 ax
662 2927 729 3013 ¹ipae
745 2934 904 3011 concione,
926 2934 1076 3013 proieaaua
1096 2931 1181 2995 adire
1201 2954 1235 2994 aa

438 3069 443 3081 .
526 3020 667 3100 protinua
681 3019 758 3080 vella
769 3019 950 3099 prophetam
964 3020 1139 3098 beneficum,
1153 3030 1189 3081 ut
1200 3039 1233 3081 aa

399 3153 404 3167 .
526 3114 723 3184 aequarentur
746 3104 891 3167 inritavit
919 3107 1093 3182 univera0e3
1130 3106 1233 3184 aicque

525 3194 587 3251 iera
610 3192 727 3251 eunctis
756 3190 967 3253 comitantibus
993 3210 1025 3250 aa
1054 3192 1171 3251 confert
1191 3190 1232 3259 ad

525 3276 737 3352 Athanaainm,
760 3296 848 3353 quem
870 3276 968 3356 primo
988 3277 1056 3340 vinu
1074 3277 1232 3357 epiecopu-

525 3382 595 3423 rum
608 3363 742 3443 plan‘qua
758 3360 962 3440 patriarcham
977 3362 1230 3441 acclamaverunt,

526 3449 565 3509 ad
578 3450 707 3526 regimen
722 3448 860 3507 acclesiae
876 3446 1089 3507 resumendum
1101 3446 1230 3509 hertam

525 3545 581 3612 tae,
604 3535 668 3612 ipae
683 3534 755 3593 fieta
765 3532 910 3597 modestia
925 3542 1092 3609 recusante,
1113 3543 1144 3593 at
1158 3542 1230 3593 tan-

525 3631 592 3679 tum
606 3628 725 3698 petanta
737 3619 976 3699 impetranteque
997 3619 1098 3679 atatim
1114 3619 1152 3680 ab
1169 3619 1229 3677 im-

526 3714 663 3785 peratore
678 3706 890 3765 auctoritatam
906 3704 1083 3791 aublavaudi
1105 3722 1230 3784 appree-

524 3812 584 3852 aoa.
626 3790 708 3850 unda
723 3791 846 3869 contigit
857 3791 990 3850 omnium
1000 3808 1093 3869 paene
1107 3791 1138 3849 in
1154 3790 1231 3849 urbe

525 3896 627 3938 rerum
646 3894 815 3955 rupremam
835 3884 1013 3957 potestatam
1033 3875 1090 3955 ipsi
1111 3872 1230 3949 deferri,

526 3963 641 4022 cunctis
668 3961 709 4019 ad
736 3962 821 4023 ilium
844 3980 883 4021 ax
906 3980 1094 4039 quocumque
1108 3960 1228 4020 *iudicio

525 4048 768 4123 provocantibus.
800 4056 964 4109 narrantur
973 4042 1052 4119 iaaac
1063 4045 1157 4107 fuaiua
1168 4047 1227 4106 tti-

527 4137 582 4193 bua
592 4133 706 4193 ultimis
719 4132 865 4214 capitibus
880 4132 901 4191 l.
919 4130 986 4195 tet
1001 4137 1016 4197 1
1039 4131 1062 4201 i.
1078 4132 1108 4197 6.

569 4218 716 4281 Diuenaio
761 4217 931 4277 exardescit
983 4218 1064 4277 intar
1114 4216 1230 4297 epieco-

526 4324 584 4387 paa
634 4304 716 4368 circa
747 4301 969 4383 Atltanaaium,
1016 4324 1056 4364 au
1100 4302 1159 4365 rita
1205 4302 1231 4361 ia
