3009 4900
269 897 572 1010 PETRI
637 879 1053 1007 POSSlNl
1115 893 1161 1001 E
1229 890 1398 1004 S.l.

481 1078 1171 1177 onsunvnrlonun

368 1247 1299 1346 uncurnunlnunnun

523 1421 577 1477 au
599 1418 854 1478 maronrau
874 1415 1123 1474 annnorum

672 1535 855 1608 LIBER
895 1537 974 1618 111,

318 1699 398 1752 oona
413 1699 453 1744 sn
469 1699 612 1744 rmoas
625 1699 665 1742 ar
679 1700 719 1741 sn
735 1667 979 1740 emonosooa'ssr
992 1693 1157 1736 mamam
1171 1695 1348 1739 messus.

715 1912 923 1928 m

622 2081 1004 2178 'cnrurs

366 2242 416 2302 Ds
445 2261 569 2302 numero
600 2261 768 2318 manorum,
797 2261 875 2325 quos
901 2237 976 2300 hose
998 2257 1099 2297 rerum
1118 2233 1302 2298 Andronici

321 2324 455 2384 historio
473 2327 689 2406 complectitur.
730 2325 829 2385 leuius
835 2327 917 2404 finis
932 2335 1082 2406 qunrstuns
1096 2322 1176 2384 ausu
1188 2321 1230 2382 ab
1246 2323 1341 2382 turtio

640 2409 790 2495 historias
809 2411 1023 2473 Cantaeueens'.

174 2555 196 2608 P
213 2558 262 2614 551
279 2554 302 2616 1.
344 2525 445 2633 Ante
462 2566 561 2627 omnis
576 2586 684 2647 operae
697 2567 830 2648 pretium
843 2568 923 2631 duco
938 2572 1028 2650 figere
1039 2566 1185 2647 utrimque
1193 2574 1285 2624 metas
1298 2564 1381 2624 nuic

282 2650 440 2729 historiae,
462 2663 493 2712 et
507 2672 545 2712 ex
559 2672 619 2733 quo
634 2652 738 2712 limine
754 2654 921 2735 procedens
933 2656 967 2715 in
984 2675 1070 2734 quem
1086 2660 1215 2712 exoumt
1232 2647 1377 2723 limitem,

285 2736 412 2800 definire
429 2738 591 2799 metiendo.
632 2738 738 2798 scribit
749 2750 852 2799 noster
866 2761 897 2821 p.
909 2744 950 2811 12
966 2760 995 2801 v.
1008 2741 1029 2806 4
1043 2735 1239 2797 Andronicum
1250 2732 1382 2793 enaso-

284 2824 387 2903 logum
409 2832 613 2904 capessentem
636 2824 734 2884 solum
759 2825 898 2886 extincto
917 2828 977 2885 iam
996 2834 1081 2905 patre
1102 2823 1227 2882 habenas
1245 2818 1384 2898 imperii,

286 2928 384 2967 menos
408 2920 518 2967 natum
534 2911 640 2990 fuisos
662 2920 799 2989 quatuor
813 2932 911 2992 supro
927 2912 1057 2992 viginti,·
1079 2928 1114 2967 sc
1135 2928 1160 2966 u
1174 2912 1213 2972 36
1228 2914 1260 2964 st
1271 2905 1384 2963 ultimo

284 2992 354 3053 libri
368 2995 406 3070 7,
426 2992 517 3053 huius
538 2995 638 3075 operis
656 2996 819 3075 postremi,
842 2996 970 3055 affirmat
985 2994 1117 3055 desinere
1132 2991 1210 3050 hano
1221 2990 1386 3050 historiam
1450 3000 1453 3003 ’

286 3079 319 3136 in
333 3098 412 3137 anno
428 3078 756 3159 undequinquagesimo
769 3081 874 3143 aetatis
887 3079 1053 3140 Andronici
1060 3078 1201 3137 eiusdem.
1243 3076 1329 3135 unde
1338 3075 1386 3133 in-

286 3162 398 3239 fertur,
422 3182 470 3222 rea
488 3171 582 3241 gestas
609 3164 696 3225 annis
709 3185 763 3238 aex
777 3175 807 3224 et
817 3166 924 3243 viginti
935 3165 1023 3225 huius
1038 3162 1163 3224 secundi
1176 3158 1386 3243 Pachymsria·

286 3266 343 3307 nne
357 3246 500 3307 historiae
513 3248 676 3311 voluminis
688 3259 895 3327 argumentum
911 3253 1017 3310 farere.
1060 3269 1152 3307 ennos
1166 3246 1281 3327 quippe
1291 3246 1386 3304 anmi-
1493 3276 1494 3284 κ

287 3350 353 3391 mus
369 3333 505 3410 expletos
519 3333 557 3393 sd
572 3334 789 3414 expeditiorem
804 3335 968 3412 calculum5
989 3336 1023 3394 id
1040 3333 1119 3416 quod
1130 3332 1206 3391 citrs
1219 3330 1322 3410 magni
1334 3330 1386 3388 de·
1493 3325 1494 3336 ¹

287 3416 422 3476 trimonti
440 3416 608 3497 peniculum
628 3438 717 3499 posse
737 3440 793 3480 nos
815 3422 931 3499 secere,
952 3442 991 3479 ex
1011 3420 1050 3479 iis
1071 3438 1144 3497 quse
1163 3435 1292 3476 numero
1315 3436 1384 3474 mox

287 3500 378 3560 tertio
398 3498 436 3643 ge
458 3509 529 3561 nato
552 3502 631 3565 drea
653 3502 762 3563 Iuliani
781 3506 853 3566 enni
868 3505 1050 3593 ppinoipium
1066 3502 1239 3563 Andronico
1252 3502 1387 3562 dicemus

288 3604 397 3667 appare
418 3592 453 3645 st.

374 3719 414 3781 11.
454 3720 559 3781 uastat
580 3722 801 3803 explorandum
824 3726 910 3805 quoti
929 3733 1124 3785 numerentur
1138 3723 1172 3781 in
1187 3741 1255 3781 ιω
1269 3719 1385 3799 vulgari
1492 3746 1494 3791 i

291 3804 460 3867 Christianis
471 3805 532 3865 duo
545 3804 580 3865 hi
593 3808 674 3885 anni,
697 3808 750 3888 qui
766 3814 897 3889 spatium
909 3810 1064 3890 temporis,
1084 3809 1117 3867 in
1130 3828 1191 3887 quo
1205 3804 1386 3887 explicsndo

289 3888 364 3950 haec
385 3889 515 3951 historin
534 3902 690 3969 versatur,
711 3895 864 3973 utrimque
878 3872 1051 3960 tirminsnt.
1094 3913 1198 3953 eorum
1219 3892 1307 3972 prior
1321 3889 1387 3968 qui-

293 3974 378 4051 dem,
399 3976 480 4037 unde
499 3976 686 4058 principium
708 3979 847 4057 ducitur,
867 4000 937 4041 eum
952 3980 1053 4039 stetim
1068 4000 1086 4037 s
1099 3976 1255 4037 Miehseiis
1270 3976 1386 4036 Palseo·
1493 3994 1494 4045 ξ

291 4046 350 4133 logi
375 4060 500 4139 Augusti
524 4071 619 4122 morte
641 4062 817 4139 inchoitur,
845 4076 876 4124 et
904 4063 997 4140 haee,
1027 4074 1064 4123 ut
1084 4064 1323 4124 demonatntum
1343 4070 1388 4117 est

290 4140 387 4236 ΨΜ
410 4166 442 4223 Ρ.
463 4143 541 4222 747,
572 4145 622 4209 die
647 4148 860 4213 2Decembris
882 4168 966 4209 anno
981 4148 1093 4208 Christi
1114 4152 1196 4213 1282
1219 4145 1388 4223 contigerit,

291 4224 350 4281 sust
370 4226 434 4286 sina
458 4230 548 4291 dubio
575 4252 672 4293 annus
690 4233 772 4294 idem
794 4254 879 4294 aerae
898 4234 1030 4312 vulgaris
1053 4238 1150 4311 1982,
1172 4233 1226 4291 sed
1239 4240 1389 4313 postrema
1493 4302 1494 4307 η

291 4306 449 4370 dumtaxat
476 4314 523 4375 sni
550 4326 658 4397 perte,
693 4318 799 4381 diebus
827 4318 969 4382 videlicet
991 4318 1110 4399 viginti.
1160 4316 1231 4377 huic
1258 4336 1338 4385 anno
1364 4314 1389 4373 si
