3009 4900
477 319 557 389 ΗΒ.
576 321 605 394 l.
658 321 938 393 utosssmnn.
1181 325 1253 398 701

8 485 11 557 J
136 483 250 570 ρόγας
263 479 376 563 nsiroai,
396 481 647 569 diieioaiienstr
666 485 744 572 aiteio
764 480 807 551 dv
828 483 987 574 inoperidrp.
1030 487 1089 549 hoc
1102 497 1147 550 oet
1161 489 1259 552 inter-

8 572 15 641 ’,
135 582 239 654 prete
261 572 402 632 Gretsero
421 583 544 634 nostros
572 575 757 655 iogariaates
778 575 871 634 oniae
887 585 1028 636 numerat
1048 587 1075 634 et
1100 587 1257 655 computat

138 679 257 716 onmes
269 659 383 717 milites
399 662 456 738 qui
471 662 504 718 in
517 659 597 718 auia
609 658 763 740 stipendio
777 671 887 720 merent
891 683 901 736 ,·
924 672 952 718 et
967 659 1091 740 dispicit
1105 659 1261 739 numquid

138 743 255 801 alicui
269 741 308 802 de
325 743 478 824 stipendio
495 742 590 818 desit,
619 757 678 804 ant
691 765 768 804 num
776 745 865 825 piene
878 746 1058 826 satisfecerit
1073 767 1131 826 pro
1146 750 1258 825 stipen-

7 895 17 928 s
139 827 206 888 dio
231 828 319 908 quod
341 833 467 910 occepit.
515 829 650 890 meminit
677 829 769 890 huius
795 830 888 891 officii
912 851 999 913 saepe
1027 830 1097 891 alibi
1117 831 1256 892 Godinna.

140 922 217 973 erat
233 923 266 974 et
278 914 356 974 alios
370 915 554 993 Logariastes
567 936 693 995 magnus
708 925 888 976 memoratus
901 917 995 977 eidem
1012 935 1076 976 non
1095 916 1185 976 semel
1191 902 1205 990 ,¹
1223 926 1258 977 ut

8 976 17 1016 ³
140 1002 332 1066 c.2n.1lo.
376 1000 414 1060 ab
435 999 496 1060 boo
516 1002 601 1082 prior
618 1001 815 1080 distinguitur
833 1002 976 1062 adiuncto
990 1003 1075 1062 aulae
1094 1001 1257 1062 vocabulo.

142 1084 237 1164 quod
250 1105 268 1142 a
283 1085 400 1147 Codino
412 1086 556 1145 scribitur
571 1107 599 1152 c.
610 1089 632 1153 6
645 1109 675 1146 n.
690 1091 729 1152 61
746 1086 783 1147 de
798 1087 967 1166 Logarisste
980 1087 1073 1164 aulae,
1099 1079 1188 1161 orirer
1199 1081 1256 1149 osia

144 1169 253 1250 ἔχειτι
269 1167 481 1254 &eppehagen
503 1175 581 1252 osis,
611 1193 712 1231 carere
726 1193 805 1232 nnnc
819 1175 996 1252 functione,
1019 1173 1107 1232 facile
1128 1172 1256 1251 quadrat

143 1255 182 1312 in
202 1253 278 1314 baec
292 1265 345 1315 sut
361 1257 452 1339 paulo
467 1259 633 1338 posteriora
653 1256 702 1317 his
719 1268 874 1338 teutpert,
903 1259 1011 1339 quibus
1034 1257 1147 1317 vixisse
1161 1257 1254 1318 Codi-

143 1359 210 1399 rms
237 1349 362 1420 putatur
380 1343 437 1401 snb
455 1345 660 1402 Cantacnaeno
685 1351 739 1402 snt
761 1363 829 1404 cum
854 1344 925 1420 illo,
947 1343 1006 1403 boc
1024 1353 1069 1402 est
1082 1342 1254 1422 principatu

144 1425 320 1486 Andronici
334 1427 480 1503 iunioris,
502 1426 590 1488 huius
606 1428 792 1506 Andronici,
815 1429 902 1490 cuius
913 1427 1069 1489 historiam
1086 1425 1253 1506 Pachyme-

144 1531 200 1571 res
222 1509 283 1571 hoc
303 1532 395 1592 opero
411 1514 522 1590 tradit,
550 1514 670 1594 nepotis
684 1513 889 1593 utaliquando
910 1515 1049 1593 collegae.
1093 1533 1162 1572 cum
1175 1512 1253 1572 enim

145 1615 189 1656 ex
208 1594 257 1657 bis
279 1593 358 1676 qnae
373 1617 461 1679 saepe
479 1599 618 1677 superins
638 1608 741 1659 noster
758 1609 882 1679 questus
896 1609 942 1659 est
967 1600 1004 1659 de
1020 1597 1153 1676 neglecta
1168 1597 1253 1658 solu-

144 1682 233 1741 tione
246 1683 426 1763 pensionum
440 1683 584 1744 militibus
596 1685 795 1764 decretarum,
816 1705 890 1764 quas
905 1678 999 1770 <lirae
1009 1683 1142 1744 (lustinus
1156 1691 1187 1742 st
1200 1681 1253 1742 alii

144 1777 281 1846 vocant,
301 1769 488 1847 intelligatur
499 1770 610 1830 sensim
623 1771 782 1830 inductum
798 1772 853 1831 sub
867 1769 1041 1830 Andronico
1054 1767 1164 1830 seniori
1181 1787 1251 1825 nso·

145 1873 214 1913 ram
226 1855 359 1934 primum
375 1874 443 1914 aero
458 1874 514 1914 nec
524 1856 640 1934 integre
652 1857 789 1916 solvendi
802 1855 884 1935 quod
898 1855 1096 1916 constitutum
1111 1851 1251 1912 militan-

147 1938 231 1999 tibus
246 1949 329 2016 erat,
352 1939 476 2016 deinde,
497 1949 533 1998 ut
548 1951 688 2022 apparet,
709 1961 833 2022 prorsus
848 1940 985 2022 negandi,
1006 1941 1108 2000 locum
1121 1937 1251 2015 amplius

148 2043 212 2083 non
226 2022 331 2083 habuit
344 2025 460 2084 iunctio
474 2025 663 2103 Logarinstae
679 2027 773 2103 aulae,
798 2026 823 2086 ai
839 2027 901 2087 sius
915 2035 996 2103 erat,
1019 2033 1053 2084 ut
1068 2031 1114 2084 est
1127 2022 1253 2096 dictum,

148 2109 310 2190 providere
324 2120 360 2171 ut
372 2111 487 2188 integre
502 2113 658 2190 pensiones
671 2112 746 2171 istae
759 2133 815 2194 pro
828 2113 916 2172 modo
930 2119 1057 2170 narone
1071 2127 1178 2188 operae
1190 2126 1250 2166 nu-

149 2206 345 2254 merarentur.
387 2197 484 2273 potuit
498 2206 597 2256 tamen
614 2217 722 2256 nomen
737 2209 767 2257 et
781 2196 879 2256 honor
895 2195 985 2256 huius
998 2196 1186 2274 magistratus
1199 2211 1251 2252 re-

150 2279 262 2357 tineri,
289 2279 369 2358 quod
388 2280 437 2339 hic
451 2291 553 2342 noster
566 2281 696 2359 indicat,
722 2281 777 2341 etsi
793 2282 852 2344 iam
865 2290 932 2342 tum
947 2282 1025 2341 tone
1034 2326 1043 2358 ,
1066 2281 1090 2340 ai
1108 2279 1251 2352 Codinus,

151 2363 238 2424 cuins
255 2375 335 2424 aetas
349 2375 392 2426 est
405 2367 537 2446 incerta,
558 2368 616 2428 sub
629 2368 808 2434 Andronico¹
818 2367 935 2430 seniora
950 2365 1085 2447 scripsit,
1108 2365 1169 2424 eius
1190 2363 1251 2424 nii-

150 2448 323 2523 nisterium,
342 2447 532 2533 aixnpirnpn,
555 2462 708 2519 cessasset.

233 2540 279 2599 M
282 2534 550 2619 αιμακτηριῶα
571 2542 770 2619 ρ.882ν.19.
814 2556 885 2598 care
900 2546 986 2617 putes
997 2535 1057 2596 hoc
1074 2544 1109 2595 ut
1123 2534 1189 2595 aliis
1202 2535 1251 2594 lo.-

151 2619 194 2681 cis
210 2620 303 2682 huius
313 2622 459 2683 historiae
473 2624 568 2703 priori
581 2636 685 2684 nostro
696 2624 848 2683 Glossario
865 2622 1006 2682 indicatis
1016 2623 1252 2701 Μαιμακτηριῶ-

150 2731 190 2771 να
202 2707 321 2767 Innium
337 2708 407 2766 dici.
449 2720 596 2789 repugnat
616 2712 771 2769 manifeste
787 2707 942 2767 character
959 2707 1057 2766 seriae.
1101 2724 1170 2762 nam
1183 2724 1256 2793 cer-¹

149 2792 296 2852 tissimum
310 2802 479 2852 estannum
494 2816 553 2874 qno
572 2794 624 2853 bic
644 2802 764 2853 narrata
784 2794 845 2871 geri
867 2791 1007 2869 contigit,
1028 2789 1120 2848 inisse
1139 2784 1250 2847 Christi

153 2879 244 2950 1³04,
260 2878 311 2955 qui
325 2878 391 2937 sine
403 2879 467 2937 ulls
481 2879 686 2939 controversis
706 2877 825 2955 cyclum
840 2876 912 2935 solis
931 2872 1100 2935 numeravit
1113 2876 1164 2939 25.
1178 2872 1248 2952 quia

152 2980 224 3021 vero
235 2964 397 3023 bissextilis
410 2965 486 3041 luit,
507 2964 658 3045 duplicem
675 2962 782 3022 habuit
797 2960 926 3021 indicem
939 2959 1107 3020 dominicae
1118 2960 1247 3030 literam,

153 3046 177 3107 E
195 3056 224 3105 et
245 3048 279 3124 l),
298 3070 425 3127 quarum
441 3050 633 3130 prioresque
648 3049 742 3114 adst
757 3046 912 3107 Februarii
931 3046 1021 3123 diem,
1042 3045 1161 3124 reliquo
1176 3042 1248 3103 inde

151 3142 282 3213 tempore
294 3136 442 3213 posterior
455 3134 486 3194 in
502 3156 559 3195 usn
573 3135 641 3197 init.
682 3152 782 3194 mense
795 3132 888 3211 igitur
902 3131 998 3208 lunio,
1020 3130 1046 3190 si
1061 3130 1124 3189 eins
1137 3128 1246 3189 memi-

151 3217 244 3279 nisset
255 3218 316 3280 hoc
327 3221 397 3279 loco
413 3219 617 3299 Pachymeres,
638 3228 792 3300 oporteret
805 3220 836 3276 in
852 3217 1032 3277 Kolendario
1047 3216 1085 3274 sd
1101 3215 1180 3274 latua
1194 3212 1246 3273 vi·-

152 3302 276 3382 geaimse
297 3306 412 3387 primae
435 3306 494 3365 diei
512 3305 630 3367 literam
651 3306 675 3364 ll
695 3304 826 3365 indicem
846 3302 1063 3375 sextaet'eriae,
1087 3300 1246 3379 qnandol)

152 3391 275 3470 primam
290 3390 425 3469 designat
436 3392 557 3468 seriam,
578 3390 698 3470 signari.
741 3390 825 3468 atqui
843 3398 966 3464 contra,
986 3396 1021 3448 ut
1033 3386 1130 3468 palam
1145 3384 1248 3445 cerni-

153 3482 214 3550 tur,
236 3476 261 3532 D
280 3476 380 3552 litera,
410 3475 564 3537 character
587 3477 727 3537 videlicet
749 3476 917 3535 dominicae
938 3474 1046 3555 ipsius,
1073 3470 1248 3551 vigesimam

153 3558 276 3640 primam
293 3562 374 3621 lunii
387 3562 465 3621 diem
478 3562 612 3641 insignit.
655 3582 718 3621 non
730 3561 821 3640 igitur
834 3562 871 3622 de
886 3560 975 3620 lunio
989 3557 1040 3619 hic
1056 3577 1167 3619 sermo.
1195 3553 1248 3613 ri·

155 3644 196 3703 dit
217 3644 277 3704 hoc
297 3647 431 3727 quisquis
449 3638 495 3708 est
511 3659 616 3709 auctor
625 3645 838 3729 paraphraseoa
856 3647 1025 3705 Vaticanae.
1067 3662 1137 3701 nam
1153 3638 1248 3699 isetsi

155 3728 222 3788 alibi
239 3751 355 3811 semper
376 3736 640 3815 Μαιμακτηριῶνα
658 3731 780 3792 lunium
794 3731 913 3809 reddit,
941 3730 985 3789 sic
999 3738 1247 3810 praetermorem

153 3812 232 3874 hunc
243 3816 345 3876 locum
356 3816 556 3899 παραφρᾶξει.
590 3818 688 3904 ἡμέρᾳ
701 3814 757 3897 μὶν
767 3808 824 3881 aiv
840 3818 1017 3900 παρασκευῇ
1032 3813 1152 3894 εἰκοστῇ
1162 3803 1248 3890 προί-

153 3905 254 3998 spreti
265 3896 389 3967 Ἰουλίου
402 3902 494 3985 μηνὸς
505 3914 562 3965 etc.
593 3914 745 3966 caunum
761 3902 813 3963 hic
827 3902 960 3981 argutior
973 3900 1006 3959 in
1020 3897 1172 3958 odoranda
1187 3914 1247 3954 vo·-

155 4004 195 4044 en
210 3984 453 4071 Μαιμακτηριῶν
465 3990 591 4070 ancipiti
609 3990 733 4051 notione
752 4008 841 4068 quam
866 3987 980 4047 felicior
999 3984 1031 4044 in
1045 4002 1105 4042 una
1125 4000 1195 4041 aera
1208 3998 1247 4069 px

154 4070 287 4150 pluribus
305 4074 501 4135 discernenda
523 4077 591 4138 luit.
634 4096 691 4137 nec
710 4075 789 4135 enim
809 4073 886 4134 lulio
907 4069 1001 4131 mensi
1023 4068 1179 4128 character
1195 4062 1247 4125 bio

155 4158 289 4234 congruit
306 4167 341 4217 nt
353 4166 393 4227 21
410 4161 488 4221 diem
503 4161 628 4222 literali
643 4162 788 4241 insignem
802 4158 919 4218 habeat.
947 4164 1018 4215 nota
1033 4152 1108 4213 haec
1121 4150 1247 4234 propria

152 4242 261 4301 sextilis
282 4243 347 4304 aire
363 4246 491 4323 Augusti
510 4248 621 4308 mensis
642 4258 703 4325 est,
731 4254 761 4305 et
790 4244 911 4323 quidem
929 4241 1021 4301 solius
1041 4239 1121 4299 inter
1140 4256 1245 4297 omnes

153 4325 218 4386 mni
236 4347 362 4391 menaea.
404 4332 486 4394 unda
513 4354 576 4395 non
597 4334 719 4397 ridetur
744 4328 940 4405 dubitandum
967 4324 1043 4410 quin
1064 4344 1154 4407 quem
1173 4320 1244 4387 alibi
